1629 3015
76 203 226 245 parcnt,
262 196 338 245 qui,
360 193 464 244 quod
496 198 703 242 praeterea
736 193 943 242 longitudo
962 207 1149 243 squamae
1175 195 1302 234 minor
1334 205 1392 234 est
1424 198 1509 236 latim

77 272 224 318 tudine,
259 271 482 309 brevissimi
516 278 624 317 sunt3
659 270 817 307 canales
849 276 981 307 autem
1016 272 1109 308 satis
1145 280 1363 311 excavatae
1409 282 1509 321 sunt,

75 351 204 388 lineae
238 351 419 401 proxime
454 350 527 388 sibi
562 349 799 396 adiacentes,
846 362 1014 395 crassae,
1058 350 1233 400 paullum
1268 359 1358 389 ante
1391 354 1505 390 linem

77 441 200 478 prope
233 428 431 478 margines
466 427 665 463 tenuiores
692 426 787 463 fiunt
821 427 1117 476 maioribusque
1147 428 1250 465 inter
1283 442 1323 466 sc
1359 430 1509 467 distant

79 504 322 547 iiitcrx'allis;
367 513 570 539 extremae
631 504 669 539 in
718 504 896 553 margine
944 504 1098 541 laterali
1141 505 1352 551 finiuntur,
1388 513 1507 556 atquc

77 582 193 617 ctiam
227 580 404 616 internae
438 580 486 616 ad
516 580 685 617 extrain
720 580 794 617 tine
827 594 896 618 suo
915 588 1106 630 spectant,
1127 595 1198 618 nce
1233 595 1327 620 vero
1362 583 1500 621 codem

78 656 205 699 modo,
249 669 325 705 quo
365 670 552 706 squamae
599 657 844 706 sparoideae.
910 658 1095 708 Denique
1146 659 1327 709 singulae
1374 668 1507 710 partes

78 733 265 781 marginis
299 734 507 771 anterioris
541 734 657 770 finem
690 734 837 772 habent
869 735 1026 772 fortiter
1071 749 1306 780 convexum,
1341 750 1418 786 qua
1461 739 1510 775 de

79 824 197 850 eausa
228 811 355 848 lineae
394 824 551 861 quoquc
595 820 760 850 externe
804 826 1009 850 convexae
1052 820 1158 860 sunt,
1193 827 1269 863 qua
1315 821 1420 861 nota,
1465 824 1507 852 ut

88 888 182 925 mihi
216 888 374 938 quidem
407 889 576 936 videtur,
617 890 689 927 hae
736 903 923 940 squamae
962 892 1011 928 ab
1061 892 1106 928 iis
1156 891 1508 930 Sciaenoideorum

79 972 196 1014 atque
230 965 403 1003 familiae
422 967 604 1016 proxime
620 968 897 1018 subsequentis
924 970 1073 1018 optime
1105 968 1295 1019 distingui
1328 978 1505 1020 possunt.

200 1038 255 1084 De
303 1038 597 1085 Chromidibus.
680 1044 879 1094 Squamae
925 1045 1183 1083 Chromidum
1224 1046 1407 1095 proxime
1449 1060 1509 1085 ac-

85 1118 232 1156 cedunt
264 1119 397 1156 multis
430 1119 557 1157 modis
592 1120 640 1157 ad
673 1134 739 1158 eas
773 1120 1144 1169 Sciaenoideorum,
1180 1124 1229 1161 ab
1260 1124 1307 1160 iis
1340 1124 1506 1162 Labroi-

83 1196 246 1233 deorum
280 1197 577 1235 ctenoideorum
612 1211 707 1235 vero
741 1199 915 1237 maxime
956 1199 1156 1247 differunt,
1191 1201 1297 1251 quod
1329 1202 1369 1238 in
1400 1202 1504 1240 lacu-

80 1273 242 1310 naribus
282 1273 405 1322 partis
446 1273 627 1311 basilaris
660 1274 788 1312 lineae
825 1276 980 1313 interne
1014 1289 1218 1315 convexae
1250 1285 1351 1325 sunt,
1392 1286 1511 1330 atque

83 1350 262 1387 finientes
279 1350 486 1399 perspicue
514 1351 563 1387 ad
582 1352 685 1389 intra
708 1358 906 1402 spectant3
935 1366 1066 1403 porro,
1084 1354 1189 1403 quod
1204 1354 1304 1392 radii
1327 1355 1511 1394 distincte

82 1440 132 1465 ex
174 1434 309 1465 centro
344 1428 534 1475 oriuntur,
567 1429 632 1479 qui
666 1430 704 1467 in
724 1430 782 1466 his
807 1431 884 1467 iam
917 1436 1082 1481 propter
1100 1432 1289 1470 maiorem
1323 1447 1512 1484 squamae

82 1505 370 1554 longitudinem
389 1506 513 1542 maius
541 1519 611 1556 per
629 1507 797 1556 spatium
823 1514 996 1554 currunt,
1014 1514 1226 1558 postremo,
1252 1510 1357 1560 quod
1372 1510 1509 1550 dentes

81 1588 120 1618 et
153 1581 386 1631 corpuscula
414 1595 489 1619 non
512 1582 695 1634 proxime
728 1583 802 1620 sibi
827 1584 1021 1630 adiacent,
1037 1585 1104 1622 sed
1139 1587 1360 1625 intervallis
1393 1590 1511 1626 certis

78 1658 182 1695 inter
224 1671 264 1695 se
300 1658 458 1696 distant.
495 1659 584 1706 Qua
618 1661 875 1710 proprietate,
893 1662 924 1698 si
958 1663 996 1699 in
1030 1663 1211 1701 omnibus
1245 1671 1359 1711 esset,
1394 1680 1507 1716 squa-

81 1748 166 1771 mae
201 1734 458 1772 Chromidum
492 1742 598 1773 certe
642 1736 935 1787 distinguantur
981 1739 1029 1776 ab
1062 1739 1108 1776 iis
1142 1739 1506 1789 Sciaenoideorum,

82 1811 224 1860 quibus
281 1819 491 1861 praeterea
545 1813 631 1862 ipsa
682 1814 808 1851 forma
866 1814 1040 1851 dentium
1097 1822 1135 1852 et
1186 1818 1509 1866 corpusculorum

80 1894 294 1937 praestant.

206 1965 392 2014 Inprimis
425 1978 585 2013 moneo,
632 1965 886 2006 Chromidem
920 1969 1148 2017 niloticum,
1182 1968 1292 2007 cuius
1324 1982 1508 2020 squamas

82 2055 131 2079 cx
165 2042 290 2079 tribus
323 2042 490 2092 singulis
517 2044 737 2093 exploravi,
760 2046 908 2083 habere
926 2059 1110 2097 squamas
1143 2047 1383 2094 ctenoideas,
1401 2048 1507 2097 quod

85 2121 116 2157 Ι.
151 2120 297 2157 Miiller
329 2121 367 2157 in
401 2121 492 2158 libri
537 2135 655 2171 supra
702 2122 869 2160 laudati:
909 2124 1071 2170 „Ueber
1103 2124 1178 2162 den
1211 2125 1298 2162 Bau
1330 2125 1410 2162 und
1443 2124 1505 2162 die

85 2198 270 2236 Grcnzen
303 2197 372 2234 der
406 2198 638 2236 Ganoideffl
678 2200 819 2250 capite,
864 2200 902 2237 in
944 2214 1021 2251 quo
1055 2202 1135 2251 egit
1168 2202 1216 2238 dc
1254 2214 1506 2251 squamarum

83 2289 151 2312 usu
184 2276 222 2312 in
257 2274 544 2323 distinguendis
584 2275 753 2321 familiis,
786 2278 889 2315 inter
930 2285 1131 2328 exceptos,
1166 2279 1307 2328 quibus
1348 2278 1507 2316 demon-

82 2359 248 2392 stretur.
281 2365 465 2401 Squamas
498 2352 546 2388 ad
580 2353 680 2389 hunc
713 2354 827 2391 finem
863 2354 1041 2392 adhiberi
1076 2368 1153 2392 non
1186 2368 1311 2405 posse,
1345 2355 1507 2393 adducit

83 2431 183 2467 hunc
223 2430 368 2479 piscem
415 2429 673 2478 cycloideumy
715 2433 787 2468 etsi
827 2446 849 2469 a
889 2433 1167 2471 Ohromidibus
1208 2434 1384 2482 separari
1428 2446 1504 2470 non

84 2506 227 2556 possim
261 2505 329 2542 sed
363 2519 404 2543 rc
442 2518 537 2543 vcra
572 2520 633 2543 res
666 2521 742 2544 non
777 2509 833 2545 ita
865 2522 949 2546 sese
983 2510 1115 2547 habet.

200 2579 254 2625 De
297 2579 748 2627 pseudochromidibus.
823 2586 934 2623 Haec
987 2586 1146 2632 familia,
1191 2600 1292 2636 quac
1333 2588 1508 2626 continet

83 2659 299 2709 l’lesiopcffi
332 2660 715 2698 Pseudochromidcs
763 2670 801 2698 et
846 2662 1068 2713 Ciclilopes‚
1115 2663 1285 2701 Miillero
1329 2671 1367 2701 et
1408 2664 1511 2700 Tro-

82 2737 228 2774 scholio
263 2737 500 2783 auctoribus,
527 2751 549 2775 a
575 2740 758 2788 proxima
787 2740 972 2777 distincta
1004 2741 1100 2787 (cfrz
1119 2742 1256 2779 Horae
1288 2740 1508 2790 iclithyolo—
