1629 3015
684 119 736 122 w
805 97 857 136 lo
922 119 966 122 *mr

124 227 198 250 une
232 214 346 260 base3
389 227 464 263 que
508 227 583 262 peu
617 214 638 249 31
672 226 746 262 peu
781 226 843 250 ces
885 213 1045 250 cellules
1078 227 1118 250 se
1153 213 1427 262 remplissent,
1462 212 1546 249 s'al—

126 288 288 339 longent
321 296 360 326 et
391 289 566 327 finissent
596 303 668 339 par
701 290 951 339 representer
984 289 1051 327 des
1084 290 1210 339 lignes
1243 290 1331 340 plus
1359 303 1409 326 ou
1426 289 1550 325 moins

126 366 257 416 larges
306 367 372 417 qui
419 372 506 404 tout
553 380 602 404 au
647 367 733 416 plus
766 379 838 416 par
870 379 922 403 un
955 366 1055 403 bord
1087 367 1218 416 inegal
1252 365 1432 403 revelent
1463 365 1548 402 leur

125 448 266 480 nature
296 442 534 493 primitive.“
567 442 622 481 Ut
654 443 874 480 sententiae
892 455 985 480 suae
1018 449 1250 493 argumenta
1284 442 1414 487 addat,
1449 440 1549 490 (sen-

131 520 297 557 tentiam
331 531 417 558 eam
451 519 557 566 dico,
592 519 697 569 quod
740 525 798 557 est
829 520 1028 557 sententia
1059 519 1240 570 tantum),
1285 518 1554 568 exemplorum

130 602 171 634 et
207 595 516 646 descriptionum
548 596 716 646 praebet
748 595 1057 641 multitudinem,
1092 609 1193 646 quae
1224 605 1554 644 unumquemque,

128 673 203 710 nisi
237 673 458 710 accuratius
490 672 684 722 inspiciat,
712 685 874 710 movere
907 671 1059 721 possint
1091 672 1139 708 ad
1168 670 1438 721 recipiendam
1472 669 1554 706 eius

131 749 369 799 opinionem.

250 824 625 871 observationibus,
673 839 768 875 quas
807 826 891 875 ipse
924 826 1097 870 institui,
1141 825 1214 861 hoc
1256 825 1339 861 fere
1373 824 1554 860 effectum

129 908 199 940 est.
262 902 362 940 Pars
393 902 573 953 superior
616 915 804 952 squamae
848 908 1001 939 constat
1035 914 1085 939 ex
1118 902 1251 938 stratis
1284 899 1556 943 concentricis,

133 992 235 1030 quae
266 979 324 1017 uti
356 978 559 1017 scindulae
592 978 760 1016 alterum
793 991 912 1028 supra
944 978 1111 1015 alterum
1144 978 1284 1022 iacent,
1310 978 1366 1014 ita
1393 983 1436 1013 ut
1467 987 1558 1025 pars

132 1055 295 1093 inferior
325 1055 440 1093 strati
471 1061 584 1106 parte
615 1055 728 1093 strati
760 1054 973 1104 superioris
1007 1058 1252 1103 contegatur.
1306 1053 1353 1090 In
1386 1051 1558 1101 squamis

134 1132 239 1170 haud
271 1132 519 1170 tenuioribus
552 1132 809 1170 observamus
842 1144 917 1182 ope
950 1130 1116 1168 ocularii
1140 1130 1314 1180 (Loupe>
1346 1129 1440 1166 satis
1472 1141 1558 1178 per-

133 1209 268 1259 spicue
314 1213 439 1247 strata
486 1208 610 1258 partis
653 1207 891 1258 superioris,
923 1219 1025 1257 quae
1056 1212 1260 1256 praestant
1291 1218 1387 1255 prae
1420 1204 1561 1242 ceteris

134 1285 269 1323 colore
299 1283 455 1331 albido,
498 1283 548 1322 ad
592 1283 843 1334 superficiem
875 1284 1006 1329 exire,
1040 1283 1109 1320 sed
1142 1282 1280 1320 melius
1314 1295 1390 1332 ope
1421 1281 1560 1318 micro-

135 1362 260 1413 scopii
292 1362 501 1413 compositi
532 1361 608 1399 hoc
639 1366 820 1411 spectare
851 1374 1069 1411 possumus.
1113 1360 1315 1408 Quantum
1349 1360 1433 1409 ipse
1466 1358 1558 1403 vidi,

140 1451 297 1489 semper
326 1438 443 1489 plura
475 1444 601 1476 strata
632 1451 751 1475 unum
785 1437 896 1487 quasi
929 1437 1106 1474 ordinem
1139 1436 1343 1479 effficiunt,
1379 1448 1480 1486 quae
1512 1435 1558 1471 si-

140 1515 222 1553 mul
264 1514 314 1553 ad
355 1514 602 1565 superficiem
649 1526 837 1564 squamae
883 1519 1052 1559 exeunt3
1097 1513 1253 1563 singula
1284 1513 1398 1550 lineis
1431 1512 1555 1549 acutis

140 1591 269 1629 divisa
312 1591 415 1629 inter
462 1603 503 1628 se
552 1596 745 1641 apparent
793 1596 911 1640 atque
958 1590 1146 1640 insignita
1191 1589 1559 1627 adumbrationibus

140 1668 329 1704 obscuris.
394 1667 440 1704 In
474 1680 520 1704 ea
551 1673 686 1717 parte,
728 1679 828 1715 quae
861 1674 1074 1703 stratorum
1108 1666 1321 1716 superioris
1354 1665 1476 1714 partis
1513 1665 1562 1702 ad

139 1744 387 1795 superficiem
418 1744 513 1789 exit,
548 1743 782 1793 corpuscula
812 1743 1117 1793 conspiciuntur,
1149 1757 1249 1793 quae
1283 1748 1475 1793 apparent
1509 1743 1562 1780 uti

141 1833 244 1858 nunc
291 1820 446 1865 obtusi,
492 1832 594 1856 nunc
624 1819 752 1856 accuti
785 1819 922 1868 gibbi,
969 1832 1040 1868 per
1088 1832 1185 1868 quos
1219 1820 1361 1868 gibbos
1395 1819 1564 1867 Agassiz

139 1896 264 1934 lineas
297 1896 473 1946 explicat
505 1896 786 1941 concentricas,
805 1908 934 1945 neque
966 1897 1002 1932 ei
1035 1908 1110 1946 ego
1142 1896 1358 1945 obloquar3
1391 1909 1562 1945 namque

141 1973 173 2010 si
205 1973 316 2022 gibbi
347 1973 412 2010 isti
444 1972 581 2010 ordine
614 1985 699 2009 sese
731 1972 991 2021 insequuntur
1023 1972 1208 2022 regulari,
1228 1974 1406 2010 oriuntur
1438 1973 1565 2009 lineae

139 2048 257 2100 plane
288 2048 582 2086 concentricae:
616 2049 687 2085 sub
721 2048 847 2098 figura
879 2049 959 2086 fere
993 2050 1132 2086 rosarii
1167 2056 1370 2099 apparent,
1404 2050 1470 2087 ubi
1504 2048 1560 2085 illi

140 2126 415 2176 irregulariter
463 2132 638 2171 exstant3
684 2126 723 2161 in
772 2131 906 2162 centro
955 2125 1042 2174 plus
1085 2126 1265 2163 minusve
1298 2126 1429 2163 obtusi
1460 2132 1558 2170 sunt,

142 2216 220 2254 qua
267 2202 316 2241 de
347 2215 466 2240 causa
497 2202 560 2239 hic
593 2201 733 2240 desunt
764 2202 846 2239 fere
879 2202 1007 2240 lineae
1040 2204 1326 2240 concentricae.
1396 2203 1562 2252 Saepius

143 2286 309 2318 stratum
340 2279 503 2317 inferius
540 2280 664 2329 partis
697 2280 910 2329 superioris
945 2293 993 2316 ex
1037 2281 1278 2330 corpusculis
1311 2286 1466 2317 constat
1499 2294 1563 2329 pa-

144 2355 492 2406 rallelepipedicis3
539 2355 636 2392 haec
677 2356 789 2392 bases
836 2356 1028 2393 linearum
1071 2356 1336 2402 cellularium,
1370 2369 1466 2406 quas
1498 2369 1562 2392 vo—

147 2432 254 2470 cavit
284 2431 432 2476 Mandl,
466 2443 551 2470 esse
583 2431 779 2468 videntur.

264 2510 364 2547 Pars
395 2509 575 2560 superior
606 2509 644 2545 in
677 2508 723 2544 iis
757 2508 871 2553 loeis,
906 2509 972 2545 ubi
1006 2509 1105 2545 radii
1139 2515 1307 2554 exstant,
1341 2510 1562 2560 interrupta

149 2593 209 2623 est
242 2591 360 2635 atque
406 2585 670 2635 conspicitur,
714 2584 819 2633 quod
855 2597 926 2634 per
975 2591 1151 2623 secturas
1196 2592 1442 2623 transversas
1486 2599 1563 2623 non

146 2662 354 2699 solum-ex
386 2660 644 2711 longitudine,
667 2660 734 2697 sed
768 2660 886 2697 etiam
921 2673 971 2698 ex
1004 2661 1214 2698 latitudine
1247 2674 1434 2711 squamae
1467 2662 1561 2698 satis

146 2738 239 2774 mihi
283 2737 482 2787 persuasi,
531 2737 757 2786 saepissime
802 2736 915 2774 nobis
959 2737 1138 2780 obvenit,
1172 2744 1214 2774 ut
1247 2751 1320 2788 ope
1353 2738 1560 2775 microsco-
