1629 3015
120 217 350 253 noidearum
385 226 501 267 :uque
537 219 856 268 ‹·y‹*l‹>i‹l‹·211·111113
891 220 945 256 ita
981 220 1029 256 ll.
1054 220 1239 257 stamius
1273 221 1309 257 in
1344 221 1444 258 libro
1477 235 1545 259 suo

122 293 169 329 de
187 294 384 330 anatomia
404 296 674 343 comparativa
695 296 919 332 animalium
942 296 1276 333 vertebratorum:
1302 297 1546 341 „Bedeuten—

115 370 191 406 den
225 370 367 407 Werth
402 371 529 407 haben
565 372 693 421 einige
727 386 870 409 neuere
919 373 1210 423 Systematiker
1252 375 1322 411 auf
1359 374 1421 411 die
1465 374 1540 411 Bil-

124 446 232 496 dung
265 447 333 483 des
367 448 489 484 sreien
524 448 682 484 llandcs
716 449 785 485 ‹lm-
819 449 1030 499 Schuppen
1076 450 1220 499 gelegt.
1284 451 1361 488 Die
1404 452 1546 487 Fisc'zw

116 524 187 560 mit
220 524 515 573 ganzrandigen
562 525 771 575 Schuppen
820 526 887 562 hat
920 540 1008 563 man
1043 526 1272 576 Cycloiden,
1308 527 1546 577 diejenigen,

117 600 238 636 deren
272 600 484 650 Schuppen
519 603 632 638 einen
666 603 926 650 gezahnelten
961 603 1056 640 oder
1096 603 1389 653 gewimperten,
1422 604 1545 641 sreien

117 677 231 714 Rand
253 678 439 723 besitzen,
457 682 466 713 ί
482 679 676 716 ἲῐιηιυίἀοι]
695 687 867 728 genannt
887 694 894 716 ε
917 680 1004 717 eine
1024 679 1380 730 Unterscheidung‚
1400 681 1545 718 welche

108 753 255 802 jedoch
290 754 345 790 als
394 754 648 803 allgemeines
690 755 1156 806 Classificationsprinzip
1190 770 1237 793 zu
1280 757 1448 806 voreilig
1479 758 1543 794 be·

116 835 227 865 nutzt
260 830 418 866 worden
452 830 538 866 ist:

237 906 374 943 Mandl
408 907 648 943 differentias
689 921 940 957 squamarum
975 907 1023 945 ad
1068 907 1346 945 discernendas
1379 909 1546 945 familias

116 982 296 1019 adhiberi
329 996 442 1032 posse
477 984 721 1025 arl)itratur;
756 997 871 1032 quam
906 984 1132 1033 opinionem
1176 984 1334 1020 uberius
1374 985 1547 1034 exponit,

116 1058 189 1094 etsi
222 1071 300 1095 non
333 1059 390 1095 ita
432 1059 683 1107 generaliter,
730 1060 766 1095 in
810 1059 912 1096 libro
955 1059 1002 1096 de
1044 1061 1215 1110 squamis
1254 1059 1445 1109 piscium,
1481 1060 1544 1110 qui

116 1143 175 1172 est
207 1135 407 1186 appendix
449 1136 496 1172 ad
538 1137 716 1173 Faunam
751 1136 966 1172 Tauricam
1005 1136 1278 1182 Nordmannii,
1322 1136 1546 1173 adiunctam

117 1212 166 1249 ad
198 1213 343 1250 librum
376 1213 622 1250 Demidoffii:
661 1213 855 1263 „Voyage
889 1213 984 1250 dans
1016 1212 1055 1250 la
1087 1213 1228 1250 Russie
1247 1212 1540 1250 meridionalem

238 1289 351 1336 Quae
384 1302 472 1326 mea
504 1289 551 1326 de
584 1289 656 1326 hac
689 1302 731 1326 re
764 1290 814 1326 sit
845 1290 1058 1335 sententia,
1092 1290 1131 1326 in
1169 1289 1334 1327 exordio
1368 1289 1545 1338 exposui,

116 1374 234 1415 atque
267 1366 325 1412 iis,
357 1379 458 1416 quae
490 1372 717 1416 sequuntur,
752 1366 1044 1413 demonstrabo,
1086 1367 1212 1416 pisces
1259 1366 1392 1404 affines
1426 1366 1545 1403 etiam

114 1444 287 1493 squamis
321 1456 552 1494 congruere.
600 1443 734 1494 Atque
767 1444 943 1481 crebrius
977 1457 1095 1481 causa
1125 1443 1219 1481 mihi
1254 1443 1346 1480 data
1385 1444 1470 1487 erit,
1504 1450 1546 1479 ut

117 1522 332 1564 ostendam,
366 1522 440 1559 hoc
473 1522 621 1559 illudve
655 1535 778 1570 genus
813 1522 862 1558 ob
895 1522 1135 1560 differentias
1175 1535 1428 1571 squamarum
1469 1535 1544 1558 non

116 1599 317 1648 pertinere
351 1599 399 1636 ad
444 1599 632 1635 familiam
666 1599 892 1648 vulgat-eun
938 1599 1056 1636 etiam
1089 1599 1173 1636 fieri
1214 1605 1355 1648 potest,
1400 1604 1441 1635 ut
1472 1599 1545 1635 hac

119 1675 371 1712 distinctione
407 1675 592 1711 commoti
634 1674 730 1711 haec
763 1675 801 1710 in
821 1687 969 1723 genera
991 1674 1065 1710 viri
1106 1674 1211 1711 docti
1244 1674 1454 1723 inquirant,
1489 1681 1543 1712 at-

117 1764 192 1800 que
227 1750 308 1787 allii
357 1751 606 1799 reperientur
655 1750 915 1795 characteres,
966 1750 1106 1799 quibus
1155 1749 1355 1787 distinctio
1404 1750 1542 1786 melius

118 1828 421 1865 demonstretur.
485 1827 549 1864 Ad
583 1827 862 1877 distinguenda
901 1833 1031 1864 autem
1088 1840 1236 1877 genera
1281 1827 1385 1864 intra
1425 1840 1542 1863 unam

117 1905 363 1955 eandemque
396 1905 585 1942 familiam
616 1904 713 1943 falso
747 1904 777 1941 Ι.
796 1903 942 1941 Miiller
973 1916 1155 1954 squamas
1186 1903 1272 1941 vult
1304 1909 1416 1954 aptas
1448 1916 1544 1948 esse,

119 1982 211 2032 quia
243 1982 282 2019 in
329 1981 498 2027 familiis,
545 1981 679 2031 quales
729 1980 856 2018 adhuc
889 1987 988 2028 sunt,
1035 1994 1216 2031 quaeque
1259 1980 1354 2018 fines
1401 1979 1547 2017 habent

119 2060 403 2105 exactissimos
444 2071 632 2107 squamae
680 2058 827 2107 optime
873 2063 1107 2107 congruunt,
1155 2057 1211 2094 ita
1255 2061 1298 2093 ut
1344 2055 1544 2092 distinctio

109 2137 258 2173 institui
301 2140 483 2186 nequeat.
548 2134 734 2184 Inprimis
786 2146 881 2171 vero
914 2133 963 2171 ad
1005 2133 1273 2171 dubitationes
1315 2132 1544 2178 movendas,

119 2226 211 2250 num
243 2225 432 2263 squamae
465 2217 583 2263 aptae
614 2211 692 2249 sint
723 2210 772 2248 ad
805 2210 1093 2261 dignoscendos
1124 2210 1262 2261 pisces,
1296 2209 1545 2247 adducuntur

109 2290 357 2340 insquamati,
390 2289 421 2326 si
453 2289 492 2325 in
534 2301 611 2326 una
643 2288 793 2325 familia
823 2289 901 2326 sint
918 2301 1005 2326 cum
1023 2288 1250 2338 squamati&
1284 2287 1352 2325 sed
1370 2286 1541 2337 plerum-

113 2380 187 2416 que
221 2366 339 2404 etiam
374 2365 413 2402 hi
447 2365 485 2401 in
529 2364 697 2402 familias
745 2364 965 2415 singulares
997 2365 1149 2402 secerni
1192 2377 1307 2414 posse
1349 2363 1544 2401 videntur,

232 2443 374 2494 Capite
422 2442 607 2493 proximo
657 2442 831 2491 singulas
891 2442 1060 2480 familias
1114 2454 1328 2491 earumque
1388 2451 1546 2492 genera,

115 2526 305 2571 quantum
338 2520 521 2570 equidem
556 2519 594 2556 in
638 2531 820 2567 squamas
862 2519 1062 2568 inquirere
1103 2518 1224 2568 potui,
1265 2517 1544 2556 considerabo.

116 2604 235 2647 atque
277 2597 509 2634 divisionem
560 2609 727 2645 sequar,
763 2609 879 2644 quam
926 2595 1168 2646 ichthyologi
1213 2602 1370 2633 nostrae
1404 2592 1546 2632 aetatis

113 2676 411 2712 constituerunt.
