1629 3015
689 98 863 138 *14

125 218 250 255 culter
287 222 439 254 tantum
464 217 548 254 fieri
582 224 745 266 possunt
786 217 835 253 ob
866 229 1116 265 squamarum
1135 215 1310 252 habitum
1328 222 1547 257 cutaneum,

124 295 269 330 certior
301 293 384 330 fieri
416 294 537 343 potui,
572 306 647 343 quo
681 293 937 330 fundamento
971 293 1144 329 nitantur
1178 293 1336 337 dentes3
1367 292 1548 341 proxime

127 370 270 419 origini
314 370 490 407 dentium
531 369 769 420 conspicitur
808 370 1011 407 acclivitas
1046 369 1239 419 quaedam
1281 367 1551 413 latitudinalis‚

128 460 229 496 quae
263 447 478 496 superioris
511 446 634 496 partis
667 446 752 484 finis
784 460 868 484 esse
902 447 1069 492 videtur,
1103 446 1159 483 ita
1190 452 1233 483 ut
1265 446 1404 483 dentes
1448 445 1549 482 hori-

122 524 336 562 zontaliter
366 524 545 574 dispositi
605 525 643 561 in
676 530 790 574 parte
823 524 1009 562 inferiore
1043 530 1242 574 ponantur
1274 529 1313 561 et
1345 523 1431 560 basi
1464 536 1549 560 ver-

125 601 297 638 ticaliter
342 601 392 639 ad
445 601 712 638 acclivi-tatem
769 601 990 638 adiaceant.
1063 600 1258 650 Squamas
1311 599 1549 645 ctenoideas,

125 678 266 728 quibus
305 684 396 715 sunt
438 678 539 716 duae
571 678 692 715 series
741 677 915 715 dentium
962 677 1242 715 alternantium
1288 677 1327 713 in
1371 676 1550 725 margine

121 754 343 804 posteriore
376 760 415 792 et
446 754 679 805 plerumque
719 754 866 792 multae
906 755 1027 791 series
1067 752 1389 803 corpusculorum
1428 752 1551 790 denti-

122 832 316 878 formium,
349 832 492 869 multas
510 831 684 869 dentium
713 832 833 869 series
866 831 1076 869 ostendere
1108 831 1351 869 contendunt
1383 830 1550 880 Agassiz

124 914 163 945 et
195 908 343 954 Mandl,
393 908 498 959 quod
543 908 725 958 equidem
772 921 849 945 non
883 907 1068 945 concedo.
1140 907 1269 957 Saepe
1307 907 1550 944 demonstra—

123 990 186 1021 tur
218 984 303 1022 sola
334 985 463 1022 forma
495 984 820 1035 corpusculorum
852 997 875 1020 a
907 984 1034 1020 forma
1067 983 1242 1021 dentium
1276 984 1441 1021 multum
1474 983 1548 1021 dis-

123 1061 290 1099 cedente
322 1074 354 1099 e.
387 1075 423 1111 g.
457 1062 496 1098 in
528 1062 701 1111 squamis
718 1061 962 1106 Maenarum,
1008 1073 1173 1110 quarum
1206 1060 1343 1098 dentes
1384 1061 1551 1110 graciles

121 1144 160 1175 et
203 1139 318 1184 acuti,
363 1137 598 1188 corpuscula
644 1138 785 1176 cubica
823 1144 1027 1188 apparent.
1091 1137 1133 1175 Si
1182 1137 1274 1187 quis
1318 1138 1551 1187 impugnare

123 1217 221 1253 velit
253 1216 532 1253 discretionem
575 1215 752 1254 dentium
784 1222 823 1253 et
874 1214 1198 1266 corpusculorum
1247 1214 1551 1261 dentitbrmium,

123 1306 241 1343 quam
259 1293 443 1343 equidem
472 1307 576 1331 nune
602 1293 760 1343 quidem
784 1293 834 1330 ad
860 1293 1026 1330 formam
1061 1298 1214 1330 tantum
1238 1293 1379 1339 refero,
1404 1299 1552 1330 rectam

123 1371 303 1415 esse‚hoc
321 1375 473 1408 tantum
490 1370 775 1416 animadverto,
793 1371 833 1406 in
857 1369 994 1407 eadem
1010 1369 1141 1419 specie
1157 1382 1228 1419 pro
1246 1369 1404 1406 diversa
1421 1375 1552 1407 aetate

124 1460 306 1497 squamas
339 1447 516 1485 diversas
550 1446 874 1497 corpusculorum
907 1447 1027 1484 series
1045 1446 1205 1492 habere,
1237 1447 1306 1484 sed
1340 1446 1435 1484 duas
1469 1453 1551 1484 tan·

122 1531 203 1560 tum
237 1523 425 1571 dentium,
458 1529 577 1574 atque
609 1523 752 1561 multas
785 1537 978 1573 squamas,
993 1537 1094 1573 quae
1127 1537 1270 1573 magno
1304 1523 1552 1574 corpusculo-

121 1614 206 1637 rum
239 1614 402 1638 numero
435 1607 650 1651 praestant,
683 1601 811 1651 prima
843 1614 920 1638 non
935 1601 1060 1638 minus
1095 1614 1210 1650 quam
1244 1608 1425 1638 extrema
1447 1601 1548 1637 serie

120 1679 285 1715 formam
320 1691 456 1715 eorum
487 1680 681 1728 praebere
715 1684 1009 1727 congruentem,
1044 1678 1110 1714 sed
1154 1691 1176 1714 a
1209 1678 1392 1715 dentibus
1426 1679 1549 1715 maxi-

122 1768 183 1792 me
217 1755 504 1801 discedentem3
538 1756 577 1791 in
611 1755 784 1804 squamis
819 1754 1000 1791 Lethrini
1042 1755 1216 1804 elongati
1250 1755 1391 1804 viginti
1431 1756 1552 1792 series

123 1830 237 1866 facile
287 1829 575 1879 dignoscendas
608 1829 930 1879 corpusculorum
982 1830 1157 1866 eiusdem
1202 1831 1352 1867 formae
1406 1830 1550 1867 inveni.

122 1908 235 1952 Quae
269 1919 357 1942 mea
388 1907 435 1943 de
468 1906 527 1943 his
558 1906 608 1943 sit
640 1907 847 1952 sententia,
882 1907 1011 1956 capite
1044 1907 1238 1956 proximo,
1273 1908 1303 1944 si
1338 1908 1547 1945 efformati-

123 1997 236 2020 onem
278 1997 465 2032 squamae
519 1984 789 2029 considerabo,
835 1984 996 2021 uberius
1054 1998 1262 2034 exponam.
1340 1985 1547 2035 Agassizio

123 2068 285 2100 auctore
326 2061 463 2099 dentes
504 2075 757 2111 squamarum
802 2061 1111 2107 ctenoidearum,
1162 2076 1262 2112 quae
1306 2063 1380 2100 huc
1428 2064 1546 2113 perti—

122 2146 237 2185 nent,
287 2140 324 2176 in
365 2138 555 2188 singulari
596 2138 679 2175 basi
726 2138 843 2187 positi
889 2144 996 2180 sunta
1042 2151 1169 2188 neque
1219 2152 1292 2189 ego
1334 2141 1545 2177 veritatem

124 2217 237 2253 huius
271 2216 450 2266 opinonis
492 2215 698 2265 disputem,
735 2215 838 2264 quod
872 2216 909 2252 in
947 2228 1032 2252 eam
1066 2217 1265 2266 inquirere
1305 2231 1381 2254 non
1414 2217 1547 2267 potui3

120 2307 238 2343 porro
272 2294 375 2330 idem
407 2293 575 2343 Agassiz
623 2291 847 2337 contendit,
910 2294 1144 2342 corpuscula
1177 2294 1421 2331 diversarum
1455 2295 1546 2331 seri-

120 2384 240 2414 erum,
275 2372 394 2421 (quae
427 2371 462 2407 ei
496 2384 545 2408 ex
577 2371 824 2420 longitudine
857 2385 1044 2421 squamae
1077 2385 1161 2408 esse
1186 2370 1398 2420 videntur),
1433 2371 1546 2407 alter-

122 2461 170 2483 ne
203 2447 240 2483 in
272 2447 476 2496 superiore
509 2454 548 2484 et
578 2448 765 2484 inferiore
794 2454 906 2497 parte
940 2448 1068 2497 posita
1101 2460 1202 2491 esse3
1226 2453 1413 2496 quantum
1442 2447 1545 2495 equi-

120 2525 205 2561 dem
248 2538 331 2561 rem
374 2523 593 2574 exploravi,
635 2524 790 2574 repperi
837 2524 934 2561 haec
966 2524 1197 2574 corpuscula
1242 2525 1418 2562 seriebus
1463 2538 1546 2561 esse

121 2601 311 2651 disposita
344 2615 393 2639 ex
426 2602 635 2638 latitudine
683 2612 869 2651 squamae
902 2603 940 2638 in
974 2603 1137 2651 singulis
1171 2603 1303 2638 stratis
1336 2603 1458 2651 partis
1492 2602 1544 2638 in-

120 2676 286 2715 ferioris.
324 2679 414 2715 Hoc
446 2679 603 2728 quidem
619 2685 783 2721 constat,
804 2679 1046 2728 corpuscula,
1075 2691 1175 2727 quae
1203 2679 1326 2727 magis
1342 2679 1445 2715 intra
1461 2691 1544 2715 ver-

123 2764 229 2806 gunt,
246 2757 361 2794 altius
381 2770 464 2794 esse
492 2758 759 2806 positaquam
784 2757 994 2801 exteriora,
1020 2756 1124 2805 quod
1149 2757 1288 2792 mirum
1320 2756 1357 2791 in
1388 2755 1544 2792 modum
