1629 3015
706 134 996 177 *24*

142 257 378 297 roideorum,
399 270 499 306 quae
533 258 587 292 ita
605 255 890 305 relinquuntur⁷
919 260 1122 303 praestant
1145 252 1316 302 squamis
1351 265 1396 288 eo
1432 251 1561 293 mods„

146 333 251 382 quod
282 333 409 369 lineae
442 333 613 381 partium
644 331 868 368 lateralium
901 344 989 376 non,
1023 330 1078 366 uti
1112 329 1230 375 solet,
1266 328 1313 365 ad
1347 328 1564 377 marginem

144 410 408 459 posteriorem
444 414 680 453 aecurrunt,
715 407 782 444 sed
817 407 865 444 ad
898 407 1023 456 ipsam
1040 406 1259 455 marginem
1277 404 1493 449 lateralem,
1513 404 1563 439 ef-

142 486 246 523 fecto
281 485 445 535 a11g1110,
481 485 546 534 qui
589 478 745 534 saepius
792 483 950 520 minime
999 496 1019 518 a
1059 488 1168 519 recto
1213 481 1398 526 discedit3
1432 481 1566 529 itaque

141 563 255 598 huius
274 561 428 611 ¹generis
460 574 653 610 squamas,
686 561 724 596 in
759 559 900 609 quibus
931 559 1058 595 lineae
1086 557 1172 607 plus
1190 558 1368 594 minusve
1404 557 1564 605 oblique

148 644 357 675 accurrunt
430 638 479 674 ad
538 637 757 686 marginem
802 635 1035 680 lateralem,
1100 635 1329 684 sparoideas
1395 635 1569 671 nomina-

144 720 295 751 verunt.
331 714 458 763 Saepe
492 714 619 750 lineae
670 718 873 750 extremae
918 712 1082 748 eandem
1120 712 1266 748 habent
1314 711 1570 748 directionem

141 796 184 827 ut
216 791 255 827 in
289 791 459 840 squamis
489 790 749 839 complurium
772 788 1094 834 Percoideorum‚
1124 787 1473 825 Sciaenoideorum
1489 795 1573 834 etc.‚

151 867 295 917 quade
314 880 431 903 causa
463 867 581 903 etiam
613 866 671 902 his
703 852 884 914 squamas
900 864 1125 901 tribuerunt
1156 864 1395 913 sparoideas.
1431 864 1576 911 Quain

150 943 428 979 incertitudine
470 948 587 979 notae
636 953 886 990 squamarum
919 940 1215 989 sparoidearum
1271 940 1390 977 alium
1443 953 1577 976 earum

145 1019 414 1057 characterem
449 1018 651 1067 repperire
685 1023 849 1054 conatus
882 1030 977 1062 sum,
1012 1030 1127 1066 quem
1170 1016 1325 1065 quidem
1360 1016 1462 1053 hunc
1495 1030 1579 1053 esse

146 1095 328 1131 arbitror.
394 1093 434 1131 Si
469 1100 646 1130 centrum
678 1093 791 1129 lineis
826 1092 1103 1129 adumbratum
1138 1100 1195 1130 est
1239 1093 1367 1138 certis,
1402 1093 1507 1142 quod
1538 1093 1580 1129 fit

145 1184 299 1221 semper
330 1172 368 1207 in
401 1171 572 1220 squamis
605 1170 840 1214 recentibus,
874 1183 1023 1218 paucae
1077 1170 1205 1207 lineae
1259 1163 1301 1207 ut
1333 1183 1479 1207 curvae
1513 1183 1577 1219 ap-

143 1254 284 1298 parent
303 1248 479 1293 elausae3
511 1246 640 1283 lineae
660 1246 1013 1283 circumcurrentes
1045 1258 1116 1283 nec
1136 1246 1302 1292 clausae,
1337 1246 1400 1283 vel
1445 1253 1578 1284 rectae

149 1325 187 1361 in
220 1323 470 1361 latitudinem
511 1323 755 1369 discurrunt,
791 1322 854 1359 vel
886 1335 964 1359 non
1007 1320 1176 1359 multum
1208 1322 1397 1369 inflexae,
1432 1337 1508 1372 qua
1540 1324 1579 1360 in

148 1415 191 1439 re
225 1402 329 1438 circa
361 1402 566 1450 regionem
613 1400 736 1450 partis
783 1399 980 1445 basilaiis,
1029 1399 1191 1449 singulis
1237 1399 1488 1437 lacunaribus
1521 1414 1578 1436 re-

152 1479 410 1528 spondentes,
444 1478 667 1527 complures
703 1477 914 1514 ostendunt
940 1477 1228 1522 convexitates,
1263 1490 1363 1526 quae
1394 1490 1496 1514 nunc
1529 1476 1579 1513 ad

148 1558 356 1599 internam,
396 1567 498 1590 nunc
533 1553 581 1590 ad
622 1558 828 1590 externam
870 1558 1023 1602 partem
1066 1558 1257 1602 vergunt3
1298 1553 1328 1590 si
1370 1566 1464 1590 vero
1504 1553 1578 1589 hae

154 1632 281 1668 lineae
324 1632 362 1667 in
402 1631 581 1680 partibus
615 1629 846 1667 lateralibus
878 1636 1010 1667 rectae
1044 1630 1278 1676 discurrunt,
1314 1636 1461 1667 exeunt
1491 1643 1577 1680 per—

155 1707 464 1758 pendiculariter
497 1706 545 1744 ad
574 1707 773 1755 margines
804 1706 1006 1751 laterales3
1040 1706 1071 1742 si
1109 1712 1197 1742 sunt
1229 1705 1416 1751 inflexae,
1446 1719 1577 1744 accur—

154 1789 245 1821 runt
277 1784 326 1821 ad
359 1797 424 1820 eos
458 1784 529 1820 sub
563 1783 718 1832 angulo,
753 1783 819 1831 qui
852 1781 1141 1831 aliquantulum
1190 1782 1356 1820 discedit
1389 1797 1411 1820 a
1442 1789 1575 1826 rect0;
1609 1790 1613 1792 “

155 1862 210 1898 ita
240 1861 369 1898 lineae
417 1860 576 1909 oblique
626 1859 674 1897 ad
715 1859 913 1909 margines
954 1858 1140 1895 laterales
1183 1859 1357 1897 directae
1390 1859 1577 1896 finiuntur

155 1937 193 1973 in
227 1936 398 1986 squamis
432 1935 602 1973 Oblatae
636 1942 674 1973 et
706 1935 898 1973 Denticis.

276 2013 508 2062 Proprietas
541 2013 627 2058 ista,
662 2012 767 2061 quod
798 2012 927 2049 lineae
945 2026 1079 2050 omnes
1111 2026 1189 2049 non
1222 2013 1378 2050 clausae
1411 2013 1460 2050 ad
1476 2026 1575 2050 mar—

155 2090 264 2138 gines
295 2088 480 2126 laterales
511 2088 892 2138 perpendiculariter
923 2089 987 2125 vel
1020 2102 1097 2126 non
1130 2090 1296 2126 multum
1329 2090 1378 2126 ab
1411 2089 1483 2126 hac
1521 2090 1574 2126 di-

157 2166 333 2202 rectione
373 2165 619 2202 discedentes
653 2171 881 2211 accurrunt‚
928 2165 1038 2202 deest
1070 2166 1108 2202 in
1142 2167 1313 2215 squamis
1358 2166 1575 2229 Apogonig,

155 2242 369 2291 Polynemi
400 2247 486 2288 etc.‚
521 2248 640 2291 atque
673 2241 776 2291 quod
824 2242 952 2279 lineae
991 2243 1161 2292 margini
1201 2244 1410 2293 posteriori
1442 2244 1574 2293 proxi-

153 2330 240 2354 mae
272 2318 310 2353 in
343 2318 513 2367 squamis
547 2318 697 2367 aliquot
729 2318 1057 2365 Pei-coideorum,
1093 2319 1463 2366 sciaenoideorumy
1496 2333 1574 2356 non

153 2393 200 2429 ad
235 2394 451 2442 marginem
470 2394 729 2440 terminalem,
765 2394 832 2431 sed
849 2395 1066 2440 lateralem,
1092 2402 1222 2432 tamen
1255 2395 1371 2445 plane
1402 2396 1571 2445 oblique,

152 2474 372 2514 accurrunt,
413 2469 526 2506 huius
574 2470 631 2506 rei
677 2483 794 2507 causa
848 2471 887 2506 in
929 2484 974 2507 eo
1007 2472 1137 2520 posita
1170 2478 1238 2517 est,
1267 2472 1372 2521 quod
1403 2473 1571 2510 latitudo

151 2558 401 2593 squamarum
424 2545 635 2583 deseroscit
649 2547 698 2584 ad
729 2547 947 2596 marginem
980 2548 1251 2596 posteriorem.
1287 2548 1351 2585 Ex
1380 2549 1571 2594 omnibus,

149 2622 187 2658 in
221 2635 317 2681 quas
361 2623 557 2672 inquisivi,
578 2637 764 2673 squamae
782 2624 965 2661 Lethrini
1009 2624 1183 2673 elongati
1215 2624 1284 2661 has
1317 2638 1393 2662 non
1424 2625 1572 2662 habent

147 2698 430 2747 proprietates,
466 2712 515 2734 ex
549 2713 624 2747 quo
656 2701 843 2749 sequitur,
892 2700 1125 2736 Lethrinum
1180 2701 1218 2736 in
1252 2701 1351 2738 hane
1381 2700 1569 2738 familiam

146 2774 432 2813 numerandum
464 2788 541 2811 non
574 2788 669 2812 csse.
