1629 3015
112 208 144 244 si
178 206 528 245 observationibus
565 207 660 244 fides
695 206 1023 248 adhibo11‹laest;
1057 220 1183 254 neque
1219 217 1348 243 tamen
1373 206 1538 256 Agassiz

112 284 195 320 vult
245 283 342 320 illud
376 284 430 320 ita
463 297 565 327 csse3
601 291 717 332 atque
752 283 908 319 omnino
928 282 1093 319 Mandlii
1123 283 1358 319 sententiam
1390 272 1537 320 rectam

116 374 200 397 esse
232 361 375 407 iudico,
406 362 471 409 qui
505 374 685 409 squamas
719 367 850 409 partes
886 366 1002 396 vocat
1044 360 1155 395 vivas
1205 359 1540 408 organisatasque,

113 438 265 475 etiamsi
298 451 393 474 vasa
426 437 598 474 nondum
633 444 802 486 reperta,
837 450 936 485 quae
971 437 1025 473 eis
1055 436 1251 473 adducant
1289 437 1539 480 nutrimenta,

114 515 183 552 sed
216 514 394 551 Mandlio
429 520 589 551 auctore
624 514 765 551 adsunt
799 515 836 550 in
870 513 1072 551 canalibus
1113 513 1208 559 illis3
1244 513 1348 562 quod
1387 513 1538 566 falsum,

111 604 280 640 namque
313 604 431 640 supra
461 591 538 627 iam
572 590 654 627 dixi
687 591 843 627 canales
875 590 963 627 illos
995 604 1080 628 csse
1121 590 1248 627 sulcos
1272 596 1444 626 tantum.
1497 611 1538 617 —

105 668 201 713 Sed,
240 674 283 705 ut
315 674 563 705 revertamur
597 668 644 704 ad
677 681 770 712 rem,
804 675 982 705 centrum
1005 668 1087 704 sive
1119 668 1228 704 focus
1261 677 1317 704 est
1350 680 1440 717 pars
1476 680 1538 703 ve-

111 744 294 790 terrima3
330 744 451 781 initiis
485 751 523 781 et
557 758 647 794 pars
689 745 868 795 superior
901 750 939 781 et
981 745 1142 781 inferior
1183 757 1231 780 ex
1265 756 1341 780 uno
1387 750 1537 779 tantum

112 827 235 860 strato
281 827 461 858 constare
494 821 667 867 videtum
713 821 784 858 sub
818 828 942 858 strata
974 821 1096 871 partis
1143 820 1356 869 superioris
1387 820 1425 855 in
1464 820 1539 855 for-

111 911 214 934 mam
245 897 509 934 scindularum
543 911 646 935 nova
678 906 947 943 secernuntur,
982 898 1122 947 quibus
1148 897 1389 947 respondent
1421 897 1539 933 etiam

112 988 215 1011 nova
247 980 371 1011 strata
403 975 442 1011 in
475 982 588 1025 parte
621 975 807 1022 inferiore
840 988 1027 1024 squamae
1072 975 1222 1011 formae
1265 973 1430 1019 similia3
1464 987 1540 1023 qua

113 1065 163 1088 cx
195 1065 237 1088 re
271 1051 505 1101 explicatur,
538 1052 643 1101 quod
676 1065 766 1101 pars
800 1051 929 1089 media
960 1052 1201 1088 crassissima
1233 1058 1302 1088 est.

231 1128 278 1164 In
311 1128 484 1177 squamis
517 1128 733 1165 ctenoideis
766 1129 932 1165 fortasse
977 1141 1027 1165 ex
1060 1128 1280 1165 substantia
1328 1132 1541 1163 stratorum

113 1205 360 1254 superiorum
393 1204 530 1241 dentes
564 1206 864 1254 progignuntur,
911 1206 1067 1254 saepius
1112 1204 1206 1241 mihi
1240 1205 1313 1240 hoc
1353 1204 1541 1254 persuasi,

113 1294 144 1317 e.
179 1294 214 1329 g.
249 1281 288 1317 in
321 1281 493 1330 squamis
527 1281 822 1330 Myripristidis,
858 1281 1106 1323 Holocentri,
1140 1280 1316 1330 Be1·yciS‚
1352 1280 1540 1324 aliorum3

112 1370 299 1394 numerus
331 1364 463 1394 tamen
497 1358 687 1395 serierum
721 1358 896 1395 dentium
931 1365 970 1395 et
1002 1357 1325 1407 corpusculorum
1359 1371 1435 1393 non
1477 1356 1539 1393 de-

114 1433 288 1482 pendere
321 1434 479 1471 videtur
511 1448 533 1471 a
565 1448 728 1471 numero
763 1441 974 1471 stratorum
1009 1434 1213 1483 utriusque
1254 1434 1389 1483 partis.
1455 1433 1541 1470 Sin-

115 1511 307 1560 gulariter
339 1517 698 1547 commemorentur
731 1511 975 1560 corpuscula,
1010 1524 1110 1560 quae
1144 1511 1182 1546 in
1215 1510 1261 1546 iis
1301 1516 1451 1546 tantum
1485 1523 1542 1546 re-

111 1588 316 1636 periuntur
348 1587 532 1637 squamis,
567 1599 733 1636 quarum
751 1600 888 1636 margo
922 1587 1138 1624 terminalis
1154 1586 1337 1623 dentibus
1379 1587 1540 1622 biseria-

111 1665 158 1700 tis
192 1664 479 1702 alternantibus
514 1673 686 1702 armatus
705 1673 773 1702 est.
839 1665 1137 1714 Simplicissima
1177 1664 1400 1713 explicandi
1438 1664 1537 1700 ratio

109 1741 205 1778 haec
245 1742 402 1779 videtur
437 1758 531 1787 esse,
567 1742 670 1792 quod
705 1743 780 1779 sint
814 1743 951 1779 dentes
984 1742 1140 1786 detriti3
1175 1742 1235 1778 cui
1271 1743 1540 1791 obloquuntur

109 1820 422 1862 observationes,
458 1834 553 1869 quas
587 1820 737 1856 institui
771 1820 808 1856 in
839 1819 1010 1868 squamis
1037 1818 1412 1856 Pseudochromidis
1445 1819 1542 1854 fusci

109 1902 226 1944 atque
261 1910 311 1932 ex
356 1897 497 1945 quibus
531 1896 765 1946 corpuscula
804 1896 900 1932 nihil
934 1896 1038 1932 aliud
1084 1903 1184 1936 sunt,
1218 1895 1290 1931 nisi
1338 1896 1462 1939 bases,
1503 1894 1541 1930 in

112 1973 254 2022 quibus
289 1973 406 2022 positi
441 1980 530 2010 sunt
564 1973 712 2018 dentes,
746 1973 954 2022 Agassizio
989 1979 1163 2009 auctore.

228 2050 396 2099 Agassiz
430 2050 502 2086 etsi
536 2050 666 2086 multis
700 2051 817 2086 rebus
858 2049 1075 2098 discrepat,
1125 2049 1289 2085 eandem
1329 2050 1412 2086 fere
1457 2062 1541 2086 sen-

112 2128 276 2164 tentiam
308 2127 440 2171 habet,
474 2140 590 2176 quam
624 2127 806 2175 equidem
840 2126 956 2163 modo
991 2126 1188 2175 proposui,
1209 2140 1230 2162 a
1271 2139 1348 2175 qua
1381 2126 1539 2163 omnino

114 2204 293 2240 discessit
348 2203 496 2240 Mandl.
570 2204 659 2251 Quo
701 2210 861 2241 auctore
918 2204 956 2240 in
995 2211 1106 2253 parte
1150 2203 1336 2240 inferiore
1382 2216 1544 2252 squama

114 2282 255 2318 crescit
288 2282 400 2318 novis
434 2281 566 2318 stratis
607 2281 931 2330 superimpositis,
973 2281 1011 2317 in
1046 2282 1249 2330 superiore
1294 2294 1388 2317 vero
1431 2289 1544 2329 parte

115 2370 293 2394 crescere
327 2371 412 2394 eain
447 2357 649 2394 contendit
693 2358 1023 2407 iuxtapcmitione,
1068 2364 1109 2393 ut
1142 2357 1196 2393 ita
1237 2357 1386 2398 dicam;
1432 2367 1543 2406 prae·

115 2442 225 2471 terea
258 2435 387 2470 focum
422 2447 507 2470 eam
541 2448 727 2483 squamae
770 2434 971 2481 regionem
1006 2434 1136 2477 habet,
1176 2433 1214 2469 in
1244 2446 1321 2481 qua
1352 2446 1543 2470 novarum

113 2512 286 2559 partium
323 2512 543 2548 efforinatio
578 2511 774 2560 procedit3
809 2511 903 2547 dicit
935 2511 1055 2547 enim:
1094 2511 1176 2554 „La
1218 2511 1428 2547 formation
1462 2510 1545 2546 doit

112 2590 214 2626 (lone
256 2590 340 2625 etre
381 2588 634 2637 progressive
689 2588 739 2624 du
788 2589 901 2637 foyer
942 2601 1030 2624 vers
1072 2587 1107 2623 le
1155 2586 1253 2623 bord
1303 2586 1542 2623 e'est-iz-dire

112 2680 186 2716 que
230 2666 290 2703 les
339 2666 450 2702 dents
494 2665 529 2702 le
584 2666 710 2701 moins
758 2665 1022 2714 developpees
1062 2677 1126 2700 sur
1164 2664 1201 2699 la
1234 2664 1355 2712 jeune
1405 2665 1542 2701 e'caille

112 2743 342 2794 acquiercnt
375 2743 425 2780 du
461 2743 793 2792 developpement
827 2756 873 2778 cn
906 2747 1098 2789 avuncant
1134 2754 1223 2777 vers
1256 2741 1291 2777 le
1336 2740 1434 2777 bord
1468 2746 1527 2777 ter
