1629 3015
688 136 744 140 -—
809 116 862 149 4⁴)
924 135 980 141 -ο-

123 234 299 284 Clupeen
348 232 567 283 Cyeloiden
600 232 730 269 sind:“
770 238 808 269 et
840 245 882 268 re.
916 245 1012 268 vera
1045 230 1214 268 difficille
1250 238 1306 268 est
1341 232 1390 269 ob
1425 232 1549 282 pellu-

122 311 335 355 eiditatem,
367 309 601 347 tenuitatem
635 309 892 358 habitumque
927 314 1137 345 eutaneum
1155 321 1405 357 squamarum
1440 315 1548 345 certo

122 386 351 423 diiudicare.
417 385 506 432 Qua
535 385 573 421 in
604 397 658 429 re,
691 391 733 420 ut
788 390 938 421 eertum
972 384 1186 420 habeamus
1219 383 1418 429 iudicium,
1438 397 1550 433 squa-

120 476 202 500 mas
236 462 306 499 sub
340 461 505 499 diversis
537 460 797 510 positionibus
841 459 1090 508 mieroseopii
1133 459 1337 496 observari
1372 458 1548 509 oportet?

123 552 200 589 qua
229 538 384 575 ratione
417 550 607 574 summam
653 527 774 581 effeci,
819 549 1001 586 squamas
1043 549 1127 573 esse
1169 535 1406 580 ctenoideas,
1455 548 1551 584 quas

121 615 348 665 exploravi,
382 620 500 664 atque
545 619 715 650 armatas
749 625 875 661 aequo
919 612 1035 648 modo
1082 618 1201 661 atque
1235 625 1304 649 eae
1347 612 1545 649 Holoeen-

121 691 393 737 troideorum3
427 696 515 727 sunt
552 689 674 739 igitur
707 688 860 733 enatae,
902 688 1006 737 quod
1041 695 1099 724 est
1147 687 1377 725 facillimum
1411 688 1542 725 obser-

121 774 215 805 vatu
246 768 284 804 in
318 766 491 816 squamis
525 765 699 803 Alausae
742 763 1016 809 Menhadenis‚
1051 764 1089 800 in
1124 763 1265 812 quibus
1306 763 1420 800 ciliae
1466 764 1548 801 solo

122 845 247 891 oculo,
281 858 358 881 non
393 843 570 881 adhibito
604 841 881 891 microseopio,
911 841 1221 878 luculentissime
1256 841 1429 891 conspici
1463 855 1549 891 pos-

120 923 221 967 sint3
255 922 482 972 saepissime
514 926 644 957 autem
679 925 879 956 armatura
920 931 998 955 non
1051 917 1177 954 facilis
1212 924 1269 954 est
1328 924 1549 968 perspectu,

121 1000 213 1049 quia
257 1012 394 1048 margo
429 997 624 1047 posterior
670 997 718 1032 ob
770 995 1004 1033 tenuitatem
1037 994 1222 1032 facillime
1255 1001 1386 1044 potest
1434 995 1549 1042 laedi,

123 1090 251 1127 neque
285 1076 399 1113 ciliae
431 1076 486 1112 ita
519 1079 625 1111 certe
659 1072 890 1123 procedunt.

247 1153 287 1190 Si
323 1152 443 1202 igitur
476 1151 613 1187 habitu
664 1150 852 1199 marginis
882 1149 1100 1187 terminalis
1135 1149 1368 1200 Clupeoidei
1402 1150 1552 1188 redacti

123 1237 212 1265 sunt
245 1229 347 1266 inter
378 1240 524 1277 paucas
565 1226 653 1263 illas
692 1225 861 1262 familias
908 1226 1080 1276 squamis
1113 1226 1282 1272 eiliatis‚
1316 1240 1394 1263 non
1428 1226 1554 1263 solum

126 1305 174 1341 ab
207 1304 277 1350 his,
311 1303 379 1341 sed
415 1303 572 1339 omnino
608 1303 656 1339 ab
691 1302 870 1339 omnibus
905 1301 1062 1341 familiis
1109 1302 1303 1340 linearum
1337 1303 1555 1340 concentri-

125 1393 269 1425 carum,
303 1392 376 1417 nec
408 1380 536 1416 minus
570 1378 879 1416 oanalieulorum
924 1379 1112 1428 singulari
1145 1386 1287 1416 natura
1331 1386 1439 1417 certo
1483 1380 1556 1417 dis-

131 1457 257 1506 tingui
290 1461 465 1506 possunt.
530 1454 672 1504 Neque
702 1455 779 1492 illis
812 1468 955 1492 nomen
995 1456 1077 1493 fere
1110 1455 1288 1502 debetur,
1334 1456 1439 1506 quod
1487 1470 1558 1507 per

133 1533 383 1570 latitudinem
418 1545 605 1583 squamae
639 1538 915 1582 percurrentes
950 1539 988 1568 et
1022 1546 1070 1569 ex
1104 1533 1228 1570 altero
1262 1533 1440 1583 margine
1483 1534 1555 1570 ori-

125 1617 233 1648 entes
270 1610 440 1655 laterali,
473 1611 511 1646 in
547 1611 672 1647 altero
719 1609 1000 1653 terminantur3
1044 1616 1254 1658 praeterea
1293 1610 1380 1659 plus
1412 1611 1555 1647 minus-

126 1703 174 1724 ve
208 1688 389 1733 inflexae,
430 1688 607 1737 inprimis
657 1700 737 1729 eae,
781 1699 880 1735 quae
921 1687 1087 1735 margini
1137 1686 1327 1724 anteriori
1370 1688 1551 1737 proxime

124 1767 265 1804 iacent.
301 1772 339 1802 et
371 1765 466 1802 satis
500 1764 617 1802 dense
652 1764 725 1801 sibi
761 1764 1102 1813 appropinquatae
1136 1770 1245 1809 sunt3
1290 1764 1422 1813 itaque
1473 1778 1557 1801 cen-

129 1852 229 1880 trum
264 1856 397 1879 earum
440 1855 516 1878 non
560 1841 771 1877 invenitur.
855 1840 1023 1878 Canales
1069 1840 1207 1876 eodem
1241 1841 1323 1877 fere
1368 1847 1559 1890 spectant,

129 1933 205 1968 quo
240 1919 367 1956 lineae
401 1918 689 1962 eoneentricae,
723 1924 841 1966 atque
876 1917 958 1953 sine
993 1917 1072 1953 ulla
1106 1918 1342 1966 exceptione
1388 1917 1426 1954 in
1461 1931 1559 1955 mar-

129 1995 284 2045 ginibus
318 1994 550 2031 lateralibus
594 1994 807 2039 finiuntur-3
842 2000 1024 2030 extrema
1057 1993 1095 2028 in
1129 2000 1241 2042 parte
1282 1993 1481 2030 terminali
1516 1993 1559 2030 li-

132 2085 228 2109 neae
245 2071 532 2108 coneluduntur
557 2070 776 2107 canaliculo
795 2069 1026 2119 plerumque
1045 2076 1218 2113 curvato,
1255 2070 1319 2119 qui
1346 2084 1415 2119 per
1448 2084 1560 2120 squa-

130 2162 231 2185 mam
264 2148 459 2197 percurrit
499 2147 546 2183 ab
593 2147 716 2183 altero
776 2146 953 2195 margine
996 2146 1150 2182 laterali
1193 2146 1230 2181 in
1278 2146 1471 2192 alterum,
1506 2147 1561 2197 (in

130 2224 302 2273 squamis
335 2223 534 2272 plerisque
561 2223 735 2259 Alausae
750 2222 1009 2259 Menhadenis
1043 2222 1199 2259 canales
1234 2223 1423 2260 eiusmodi
1459 2223 1559 2261 (luae

133 2301 250 2349 sunt),
286 2307 403 2349 atque
445 2301 581 2336 subter
611 2300 710 2336 hane
744 2300 868 2335 maior
889 2312 972 2336 esse
1005 2300 1105 2336 solet
1138 2313 1322 2336 numerus
1366 2300 1560 2337 canalium

132 2379 305 2415 eiusdem
352 2377 590 2417 directionis,
627 2390 728 2426 quae
765 2378 801 2414 in
837 2378 940 2414 linea
984 2379 1066 2414 fere
1110 2378 1239 2414 media
1280 2378 1558 2428 longitudinali

134 2457 304 2492 orientes
340 2455 387 2491 ad
420 2461 628 2503 utrumque
664 2455 880 2502 marginem
917 2455 1121 2492 lateralem
1157 2461 1345 2504 spectant.

254 2532 347 2568 Sunt
385 2532 505 2580 igitur
550 2544 735 2579 squamae
779 2531 935 2567 viliatzu·
971 2531 1309 2580 s'lupooideorum
1356 2530 1559 2580 prae-(litae

133 2609 243 2645 lineis
279 2616 395 2657 atque
447 2608 674 2645 eanaliculis
707 2609 793 2658 plus⁴
833 2609 1009 2645 minusve
1059 2607 1361 2645 latitudinaliter
1394 2621 1551 2657 percur=

137 2676 325 2721 rentibus.
392 2684 518 2731 Quam
567 2685 721 2733 quidem
771 2685 1012 2733 singularem
1061 2684 1252 2721 canalium
1302 2684 1557 2721 directionem

136 2762 253 2800 eiiam
291 2761 461 2798 Bleeker
491 2768 771 2797 commemorat
802 2760 1069 2799 multifariam,
1091 2773 1208 2809 quum
1243 2759 1336 2796 <licit
1372 2759 1419 2796 de
1446 2773 1557 2810 squa-
