1629 3015
118 198 261 247 qu'une
295 198 417 248 petite
452 197 617 246 esquille
651 197 759 240 fisse,
796 197 1026 246 depourvue
1059 197 1107 233 de
1153 196 1280 246 lignes
1312 197 1526 234 concentri-

115 288 210 324 ques
244 280 283 311 et
315 273 363 311 de
392 273 537 319 sillons,
570 274 667 311 mais
686 274 857 311 herissee
891 287 940 312 cn
972 271 1118 310 arriere
1137 272 1185 310 de
1218 272 1322 309 deux
1356 285 1405 308 ou
1432 273 1528 309 trois

114 350 267 399 pointes
316 349 456 387 isolees
503 350 568 398 qui
600 356 688 386 sont
720 363 889 399 presque
923 350 1025 387 aussi
1058 349 1221 399 longues
1255 362 1330 399 que
1362 348 1528 385 l'ecaille

112 425 371 464 elle-meme.“

232 503 414 540 Alteram
463 503 665 540 cohortem
710 503 1061 552 Squamipennium
1110 503 1193 540 sive
1239 501 1427 539 familiam
1475 514 1525 538 ex

114 579 158 616 iis
190 579 436 617 formandam
454 580 607 629 reliqua
641 592 787 630 genera
805 580 1072 618 constituunt:
1107 578 1351 625 Chaetodon,
1376 577 1525 615 Henio-

113 657 219 702 chus,
252 656 481 707 Ephippus,
509 655 677 702 Platax,
710 655 1020 706 Pimelepterus‚
1055 654 1318 706 Dipterodon,
1353 653 1524 703 Scorpis,

115 732 296 770 Toxotes
315 738 400 780 etc.‚
419 734 451 770 si
468 746 651 783 squamas
678 732 952 782 conspicimus,
973 745 1085 782 quae,
1104 738 1147 769 ut
1178 743 1364 781 squamae
1382 730 1526 768 ctenoi-

113 809 212 847 (leae
255 809 410 860 generis
454 808 642 859 vulgaris,
683 808 865 847 dentibus
896 809 1094 847 biseriatis
1127 807 1413 847 alternantibus
1447 819 1529 844 cor-

114 885 367 936 pusculisque
419 885 691 923 multiseriatis
739 892 916 923 armatae
949 891 1053 932 sunt3
1100 885 1237 923 dentes
1283 890 1402 934 atque
1446 898 1529 922 cor-

114 963 279 1014 puscula
301 962 535 1013 plerumque
556 963 757 1013 propriam
775 963 923 1000 habent
940 963 1117 1008 formam,
1151 967 1327 1000 centrum
1347 962 1529 999 distincte

115 1041 227 1078 lineis
260 1041 402 1078 clausis
435 1041 773 1092 circumscriptum
807 1048 876 1087 est,
906 1041 954 1078 de
983 1040 1124 1091 quibus
1147 1053 1250 1077 nunc
1268 1039 1411 1089 plureS‚
1429 1052 1531 1075 nune

112 1118 320 1167 pauciores
367 1119 467 1156 radii
510 1119 549 1156 in
581 1126 695 1170 parte
739 1119 901 1157 basilari
946 1118 1198 1167 divergentes
1232 1116 1281 1154 ad
1314 1116 1530 1166 marginem

115 1197 353 1234 anteriorem
386 1204 581 1247 vergunt3
614 1197 776 1234 lineatio
816 1197 854 1233 in
894 1202 978 1233 tota
1017 1208 1181 1246 squama
1221 1195 1316 1232 satis
1350 1192 1530 1243 aequalis

114 1280 233 1324 atque
263 1275 303 1311 in
336 1280 450 1325 parte
489 1273 645 1312 laterali
682 1274 812 1311 lineae
861 1279 1063 1312 extremae
1102 1272 1190 1322 plus
1222 1272 1401 1308 minusve
1447 1284 1531 1320 spa-

113 1351 274 1388 roideae
300 1358 400 1398 sunt,
434 1352 473 1389 id
508 1358 577 1397 esty
593 1352 814 1402 marginem
832 1351 1039 1388 lateralem
1059 1362 1131 1387 nec
1159 1347 1408 1387 terminalem
1442 1360 1527 1397 per-

113 1433 258 1464 secant:
307 1428 338 1464 si
375 1434 502 1466 totum
546 1434 723 1478 spectas,
764 1428 837 1465 hae
877 1439 1065 1477 squamae
1110 1424 1380 1463 Sciaenoideis
1417 1424 1534 1461 valde

115 1504 262 1541 similes
294 1511 394 1542 sunt.
431 1505 565 1543 Genus
599 1505 826 1543 Psettorum
859 1505 972 1542 lineis
1005 1504 1264 1542 concentricis
1301 1503 1390 1539 illas
1423 1508 1534 1539 notas

119 1581 296 1630 praebet,
332 1595 427 1632 quas
454 1596 572 1632 supra
604 1582 709 1620 veris
728 1582 956 1633 Sparoideis
982 1582 1172 1632 adscripsi
1187 1581 1334 1630 3itaque
1352 1585 1531 1630 propter-

115 1672 297 1707 squamas
343 1660 445 1696 inter
494 1660 564 1697 hos
611 1665 669 1697 est
717 1659 1012 1709 recipiendum:
1093 1673 1141 1696 ex
1191 1665 1391 1697 armatura
1438 1670 1532 1695 vero

115 1735 275 1773 minime
325 1736 525 1786 explicata
573 1737 761 1786 marginis
802 1735 1033 1785 posterioris
1078 1736 1314 1774 Gerridibus
1361 1736 1533 1773 maxime

115 1812 230 1850 affine
278 1819 347 1850 est.

233 1887 288 1932 De
321 1887 588 1945 Teuthyibus.
666 1890 783 1939 Quod
828 1891 874 1928 ad
916 1905 1098 1941 squamas
1142 1891 1299 1935 attinet,
1342 1890 1439 1927 haec
1478 1891 1531 1927 fa—

115 1968 224 2005 milia
240 1968 427 2005 momenti
454 1968 618 2005 alicuius
651 1975 720 2014 est,
753 1968 856 2018 quod
890 1968 927 2004 in
963 1982 1008 2006 ea
1042 1969 1229 2006 transitus
1257 1967 1417 2017 quidam
1452 1967 1534 2004 fieri

117 2045 273 2082 videtur
306 2059 328 2082 a
360 2045 575 2082 ctenoideis
616 2045 664 2082 ad
697 2045 933 2095 cycloideos.
986 2046 1181 2094 Squamae
1216 2044 1435 2081 Acanthuri
1470 2044 1536 2079 hu—

116 2123 284 2167 meralis,
319 2122 613 2172 Amphacanthi
646 2122 883 2167 Abhortani,
919 2121 1062 2171 Amph.
1110 2121 1233 2170 sigani
1276 2126 1314 2157 et
1340 2119 1535 2159 corallini,

116 2214 213 2249 quas
246 2200 465 2250 exploravi,
500 2200 626 2237 forma
659 2206 747 2236 sunt
780 2199 969 2248 oblonga,
1002 2198 1178 2248 repletae
1212 2198 1325 2235 lincis
1357 2196 1526 2247 permul-

115 2277 162 2313 tis
180 2276 465 2321 conccntricis,
495 2276 677 2326 proxime
711 2276 784 2312 sibi
817 2275 1100 2321 adiacentibus,
1133 2275 1249 2325 plene
1279 2273 1430 2317 clausis,
1464 2286 1536 2309 nec

115 2354 298 2391 radiatim
338 2354 515 2391 dissectis
560 2354 598 2390 in
643 2359 756 2403 parte
799 2352 978 2397 basilari,
1024 2352 1079 2389 ita
1119 2358 1160 2388 ut.
1204 2352 1241 2387 in
1275 2351 1535 2399 microscopio

117 2432 204 2468 talis
252 2444 415 2482 squama
462 2436 589 2468 testae
638 2430 805 2468 Unionis
849 2430 1020 2479 speciem
1067 2428 1286 2479 superficiei
1333 2429 1534 2478 praebeat.

120 2509 510 2559 Amphacanthorum
545 2521 749 2558 squamae,
784 2520 878 2557 quas
913 2507 1133 2548 observavi,
1169 2505 1395 2556 cycloisleae
1429 2510 1534 2550 sunt;

123 2600 193 2623 cae
227 2593 356 2623 autem
390 2586 604 2623 Aoanthuri
639 2585 813 2634 vulgaris
848 2585 991 2621 habent
1025 2584 1242 2632 marginem
1276 2583 1533 2631 posteriorem

118 2668 307 2699 armatam
351 2662 532 2698 [lentibus
566 2675 609 2698 ac
643 2661 885 2710 corpusculis
926 2674 1000 2697 non
1045 2660 1137 2696 satis
1181 2658 1361 2695 distincte
1403 2658 1533 2694 adum-

121 2740 258 2785 bratis,
279 2752 378 2787 quae
402 2752 525 2786 usque
546 2738 593 2774 ad
613 2744 787 2774 centrum
805 2736 1083 2773 descendentia
1106 2735 1408 2772 latitudinaliter
1440 2746 1533 2769 vero
