<?xml version="1.0" encoding="UTF-8"?>
<!DOCTYPE html PUBLIC "-//W3C//DTD XHTML 1.0 Transitional//EN"
    "http://www.w3.org/TR/xhtml1/DTD/xhtml1-transitional.dtd">
<html xmlns="http://www.w3.org/1999/xhtml" xml:lang="en" lang="en">
 <head>
  <title>
</title>
<meta http-equiv="Content-Type" content="text/html;charset=utf-8" />
  <meta name='ocr-system' content='tesseract 3.04.00' />
  <meta name='ocr-capabilities' content='ocr_page ocr_carea ocr_par ocr_line ocrx_word'/>
</head>
<body>
  <div class='ocr_page' id='page_1' title='image "./deanatomiaetmorp00stee_0041.png"; bbox 0 0 1629 3015; ppageno 0'>
   <div class='ocr_carea' id='block_1_1' title="bbox 50 174 1488 2829">
    <p class='ocr_par' dir='ltr' id='par_1_1' title="bbox 61 174 1486 304">
     <span class='ocr_line' id='line_1_1' title="bbox 63 174 1486 226; baseline -0.003 -11"><span class='ocrx_word' id='word_1_1' title='bbox 63 179 243 215; x_wconf 80' lang='lat' dir='ltr'><strong>oriuntur</strong></span> <span class='ocrx_word' id='word_1_2' title='bbox 275 190 324 214; x_wconf 84' lang='lat' dir='ltr'><strong>ex</strong></span> <span class='ocrx_word' id='word_1_3' title='bbox 359 181 504 226; x_wconf 85' lang='lat' dir='ltr'><strong>puncto</strong></span> <span class='ocrx_word' id='word_1_4' title='bbox 546 176 716 226; x_wconf 82' lang='lat' dir='ltr'><strong>quodam</strong></span> <span class='ocrx_word' id='word_1_5' title='bbox 752 175 927 213; x_wconf 80' lang='lat' dir='ltr'><strong>centrali.</strong></span> <span class='ocrx_word' id='word_1_6' title='bbox 962 179 1092 212; x_wconf 78' lang='lat' dir='ltr'><strong>tamen</strong></span> <span class='ocrx_word' id='word_1_7' title='bbox 1127 180 1287 224; x_wconf 73' lang='lat' dir='ltr'><strong>praeter</strong></span> <span class='ocrx_word' id='word_1_8' title='bbox 1321 187 1386 211; x_wconf 71' lang='lat' dir='ltr'><strong>eos</strong></span> <span class='ocrx_word' id='word_1_9' title='bbox 1420 174 1486 211; x_wconf 78' lang='lat' dir='ltr'><strong>alii</strong></span> 
     </span>
     <span class='ocr_line' id='line_1_2' title="bbox 61 253 802 304; baseline -0.003 -13"><span class='ocrx_word' id='word_1_10' title='bbox 61 255 201 296; x_wconf 70' lang='lat' dir='ltr'><strong>adsint,</strong></span> <span class='ocrx_word' id='word_1_11' title='bbox 237 254 302 304; x_wconf 88' lang='lat' dir='ltr'><strong>qui</strong></span> <span class='ocrx_word' id='word_1_12' title='bbox 337 268 413 291; x_wconf 87' lang='lat' dir='ltr'><strong>non</strong></span> <span class='ocrx_word' id='word_1_13' title='bbox 448 255 485 290; x_wconf 92' lang='lat' dir='ltr'><strong>in</strong></span> <span class='ocrx_word' id='word_1_14' title='bbox 520 266 566 290; x_wconf 86' lang='lat' dir='ltr'><strong>eo</strong></span> <span class='ocrx_word' id='word_1_15' title='bbox 600 253 802 304; x_wconf 82' lang='lat' dir='ltr'><strong>incipiant.</strong></span> 
     </span>
    </p>

    <p class='ocr_par' dir='ltr' id='par_1_2' title="bbox 54 330 1488 762">
     <span class='ocr_line' id='line_1_3' title="bbox 176 330 1485 381; baseline -0.002 -13"><span class='ocrx_word' id='word_1_16' title='bbox 176 332 207 368; x_wconf 91' lang='lat' dir='ltr'><strong>Ii</strong></span> <span class='ocrx_word' id='word_1_17' title='bbox 254 331 515 381; x_wconf 69' lang='lat' dir='ltr'><strong>Cyprinoidci</strong></span> <span class='ocrx_word' id='word_1_18' title='bbox 548 332 678 381; x_wconf 69' lang='lat' dir='ltr'><strong>igitur,</strong></span> <span class='ocrx_word' id='word_1_19' title='bbox 706 343 872 380; x_wconf 87' lang='lat' dir='ltr'><strong>quorum</strong></span> <span class='ocrx_word' id='word_1_20' title='bbox 906 330 1078 379; x_wconf 77' lang='lat' dir='ltr'><strong>squamis</strong></span> <span class='ocrx_word' id='word_1_21' title='bbox 1112 330 1149 365; x_wconf 90' lang='lat' dir='ltr'><strong>in</strong></span> <span class='ocrx_word' id='word_1_22' title='bbox 1185 336 1297 378; x_wconf 79' lang='lat' dir='ltr'><strong>parte</strong></span> <span class='ocrx_word' id='word_1_23' title='bbox 1332 335 1485 366; x_wconf 76' lang='lat' dir='ltr'><strong>tautum</strong></span> 
     </span>
     <span class='ocr_line' id='line_1_4' title="bbox 56 404 1487 455; baseline -0.001 -11"><span class='ocrx_word' id='word_1_24' title='bbox 56 407 254 445; x_wconf 76' lang='lat' dir='ltr'><strong>terminali</strong></span> <span class='ocrx_word' id='word_1_25' title='bbox 274 407 374 444; x_wconf 83' lang='lat' dir='ltr'><strong>radii</strong></span> <span class='ocrx_word' id='word_1_26' title='bbox 393 416 493 450; x_wconf 75' lang='lat' dir='ltr'><strong>suut,</strong></span> <span class='ocrx_word' id='word_1_27' title='bbox 514 407 562 444; x_wconf 84' lang='lat' dir='ltr'><strong>ab</strong></span> <span class='ocrx_word' id='word_1_28' title='bbox 595 406 752 444; x_wconf 80' lang='lat' dir='ltr'><strong>familiis</strong></span> <span class='ocrx_word' id='word_1_29' title='bbox 769 407 844 443; x_wconf 86' lang='lat' dir='ltr'><strong>iam</strong></span> <span class='ocrx_word' id='word_1_30' title='bbox 864 405 1072 455; x_wconf 72' lang='lat' dir='ltr'><strong>descriptis</strong></span> <span class='ocrx_word' id='word_1_31' title='bbox 1099 418 1258 455; x_wconf 81' lang='lat' dir='ltr'><strong>prorsus</strong></span> <span class='ocrx_word' id='word_1_32' title='bbox 1285 404 1487 453; x_wconf 83' lang='lat' dir='ltr'><strong>differunt;</strong></span> 
     </span>
     <span class='ocr_line' id='line_1_5' title="bbox 56 481 1488 534; baseline -0.002 -13"><span class='ocrx_word' id='word_1_33' title='bbox 56 486 80 521; x_wconf 91' lang='lat' dir='ltr'><strong>ii</strong></span> <span class='ocrx_word' id='word_1_34' title='bbox 101 492 243 529; x_wconf 78' lang='lat' dir='ltr'><strong>autem,</strong></span> <span class='ocrx_word' id='word_1_35' title='bbox 261 497 426 534; x_wconf 80' lang='lat' dir='ltr'><strong>quorum</strong></span> <span class='ocrx_word' id='word_1_36' title='bbox 446 483 617 533; x_wconf 88' lang='lat' dir='ltr'><strong>squamis</strong></span> <span class='ocrx_word' id='word_1_37' title='bbox 634 491 672 520; x_wconf 86' lang='lat' dir='ltr'><strong>et</strong></span> <span class='ocrx_word' id='word_1_38' title='bbox 695 484 731 519; x_wconf 90' lang='lat' dir='ltr'><strong>in</strong></span> <span class='ocrx_word' id='word_1_39' title='bbox 753 488 865 533; x_wconf 83' lang='lat' dir='ltr'><strong>parte</strong></span> <span class='ocrx_word' id='word_1_40' title='bbox 885 482 1083 519; x_wconf 78' lang='lat' dir='ltr'><strong>terminali</strong></span> <span class='ocrx_word' id='word_1_41' title='bbox 1100 482 1193 518; x_wconf 82' lang='lat' dir='ltr'><strong>etin</strong></span> <span class='ocrx_word' id='word_1_42' title='bbox 1211 481 1371 519; x_wconf 80' lang='lat' dir='ltr'><strong>basilari</strong></span> <span class='ocrx_word' id='word_1_43' title='bbox 1388 482 1488 519; x_wconf 83' lang='lat' dir='ltr'><strong>radii</strong></span> 
     </span>
     <span class='ocr_line' id='line_1_6' title="bbox 55 559 1485 610; baseline 0 -14"><span class='ocrx_word' id='word_1_44' title='bbox 55 568 154 607; x_wconf 82' lang='lat' dir='ltr'><strong>sunt,</strong></span> <span class='ocrx_word' id='word_1_45' title='bbox 187 561 280 610; x_wconf 86' lang='lat' dir='ltr'><strong>ipsis</strong></span> <span class='ocrx_word' id='word_1_46' title='bbox 322 560 494 610; x_wconf 75' lang='lat' dir='ltr'><strong>squamis</strong></span> <span class='ocrx_word' id='word_1_47' title='bbox 520 560 691 597; x_wconf 76' lang='lat' dir='ltr'><strong>maxime</strong></span> <span class='ocrx_word' id='word_1_48' title='bbox 716 560 928 610; x_wconf 81' lang='lat' dir='ltr'><strong>propinqui</strong></span> <span class='ocrx_word' id='word_1_49' title='bbox 963 566 1052 596; x_wconf 83' lang='lat' dir='ltr'><strong>sunt</strong></span> <span class='ocrx_word' id='word_1_50' title='bbox 1071 559 1310 596; x_wconf 87' lang='lat' dir='ltr'><strong>Labroidcis</strong></span> <span class='ocrx_word' id='word_1_51' title='bbox 1341 559 1485 610; x_wconf 80' lang='lat' dir='ltr'><strong>cycloi—</strong></span> 
     </span>
     <span class='ocr_line' id='line_1_7' title="bbox 63 635 1482 686; baseline 0 -13"><span class='ocrx_word' id='word_1_52' title='bbox 63 636 156 682; x_wconf 76' lang='lat' dir='ltr'><strong>deis,</strong></span> <span class='ocrx_word' id='word_1_53' title='bbox 176 649 199 673; x_wconf 88' lang='lat' dir='ltr'><strong>a</strong></span> <span class='ocrx_word' id='word_1_54' title='bbox 227 637 368 686; x_wconf 87' lang='lat' dir='ltr'><strong>quibus</strong></span> <span class='ocrx_word' id='word_1_55' title='bbox 396 637 517 673; x_wconf 86' lang='lat' dir='ltr'><strong>multo</strong></span> <span class='ocrx_word' id='word_1_56' title='bbox 547 635 704 686; x_wconf 89' lang='lat' dir='ltr'><strong>quidem</strong></span> <span class='ocrx_word' id='word_1_57' title='bbox 728 635 924 677; x_wconf 79' lang='lat' dir='ltr'><strong>differunt,</strong></span> <span class='ocrx_word' id='word_1_58' title='bbox 945 635 1049 685; x_wconf 88' lang='lat' dir='ltr'><strong>quod</strong></span> <span class='ocrx_word' id='word_1_59' title='bbox 1068 635 1168 673; x_wconf 82' lang='lat' dir='ltr'><strong>radii</strong></span> <span class='ocrx_word' id='word_1_60' title='bbox 1195 648 1407 685; x_wconf 86' lang='lat' dir='ltr'><strong>nunquam,</strong></span> <span class='ocrx_word' id='word_1_61' title='bbox 1442 643 1482 673; x_wconf 82' lang='lat' dir='ltr'><strong>ut</strong></span> 
     </span>
     <span class='ocr_line' id='line_1_8' title="bbox 54 712 1476 762; baseline -0.001 -12"><span class='ocrx_word' id='word_1_62' title='bbox 54 714 92 750; x_wconf 91' lang='lat' dir='ltr'><strong>in</strong></span> <span class='ocrx_word' id='word_1_63' title='bbox 124 713 193 758; x_wconf 79' lang='lat' dir='ltr'><strong>his,</strong></span> <span class='ocrx_word' id='word_1_64' title='bbox 215 726 234 750; x_wconf 93' lang='lat' dir='ltr'><strong>e</strong></span> <span class='ocrx_word' id='word_1_65' title='bbox 262 713 399 750; x_wconf 85' lang='lat' dir='ltr'><strong>canale</strong></span> <span class='ocrx_word' id='word_1_66' title='bbox 430 713 595 750; x_wconf 81' lang='lat' dir='ltr'><strong>centrali</strong></span> <span class='ocrx_word' id='word_1_67' title='bbox 620 713 684 750; x_wconf 79' lang='lat' dir='ltr'><strong>vel</strong></span> <span class='ocrx_word' id='word_1_68' title='bbox 703 713 830 762; x_wconf 82' lang='lat' dir='ltr'><strong>spatio</strong></span> <span class='ocrx_word' id='word_1_69' title='bbox 851 713 1015 750; x_wconf 82' lang='lat' dir='ltr'><strong>centrali</strong></span> <span class='ocrx_word' id='word_1_70' title='bbox 1046 712 1256 750; x_wconf 81' lang='lat' dir='ltr'><strong>reticulato</strong></span> <span class='ocrx_word' id='word_1_71' title='bbox 1285 712 1476 750; x_wconf 85' lang='lat' dir='ltr'><strong>oriuntur.</strong></span> 
     </span>
    </p>

    <p class='ocr_par' dir='ltr' id='par_1_3' title="bbox 54 789 1486 1306">
     <span class='ocr_line' id='line_1_9' title="bbox 178 789 1485 840; baseline 0 -13"><span class='ocrx_word' id='word_1_72' title='bbox 178 790 361 828; x_wconf 83' lang='lat' dir='ltr'><strong>Lineatio</strong></span> <span class='ocrx_word' id='word_1_73' title='bbox 397 791 488 827; x_wconf 86' lang='lat' dir='ltr'><strong>item</strong></span> <span class='ocrx_word' id='word_1_74' title='bbox 524 790 723 827; x_wconf 89' lang='lat' dir='ltr'><strong>simillima</strong></span> <span class='ocrx_word' id='word_1_75' title='bbox 756 797 814 827; x_wconf 81' lang='lat' dir='ltr'><strong>est</strong></span> <span class='ocrx_word' id='word_1_76' title='bbox 838 790 1154 829; x_wconf 76' lang='lat' dir='ltr'><strong>Labi-oidcorum</strong></span> <span class='ocrx_word' id='word_1_77' title='bbox 1189 789 1485 840; x_wconf 89' lang='lat' dir='ltr'><strong>cycloideorum</strong></span> 
     </span>
     <span class='ocr_line' id='line_1_10' title="bbox 55 868 1486 920; baseline 0 -15"><span class='ocrx_word' id='word_1_78' title='bbox 55 870 249 920; x_wconf 73' lang='lat' dir='ltr'><strong>squamis,</strong></span> <span class='ocrx_word' id='word_1_79' title='bbox 296 876 414 920; x_wconf 86' lang='lat' dir='ltr'><strong>atque</strong></span> <span class='ocrx_word' id='word_1_80' title='bbox 448 882 517 906; x_wconf 84' lang='lat' dir='ltr'><strong>eae</strong></span> <span class='ocrx_word' id='word_1_81' title='bbox 551 882 739 919; x_wconf 77' lang='lat' dir='ltr'>squamae</span> <span class='ocrx_word' id='word_1_82' title='bbox 773 868 965 915; x_wconf 82' lang='lat' dir='ltr'><strong>familiae,</strong></span> <span class='ocrx_word' id='word_1_83' title='bbox 1000 869 1047 905; x_wconf 88' lang='lat' dir='ltr'><strong>dc</strong></span> <span class='ocrx_word' id='word_1_84' title='bbox 1078 882 1155 919; x_wconf 86' lang='lat' dir='ltr'><strong>qua</strong></span> <span class='ocrx_word' id='word_1_85' title='bbox 1188 869 1351 919; x_wconf 85' lang='lat' dir='ltr'><strong>agimus,</strong></span> <span class='ocrx_word' id='word_1_86' title='bbox 1385 882 1486 919; x_wconf 90' lang='lat' dir='ltr'><strong>quae</strong></span> 
     </span>
     <span class='ocr_line' id='line_1_11' title="bbox 57 944 1484 997; baseline -0.001 -13"><span class='ocrx_word' id='word_1_87' title='bbox 57 947 95 983; x_wconf 89' lang='lat' dir='ltr'><strong>in</strong></span> <span class='ocrx_word' id='word_1_88' title='bbox 129 953 243 997; x_wconf 84' lang='lat' dir='ltr'><strong>parte</strong></span> <span class='ocrx_word' id='word_1_89' title='bbox 277 946 439 984; x_wconf 85' lang='lat' dir='ltr'><strong>basilari</strong></span> <span class='ocrx_word' id='word_1_90' title='bbox 487 953 525 983; x_wconf 84' lang='lat' dir='ltr'><strong>et</strong></span> <span class='ocrx_word' id='word_1_91' title='bbox 572 947 610 983; x_wconf 89' lang='lat' dir='ltr'><strong>in</strong></span> <span class='ocrx_word' id='word_1_92' title='bbox 656 945 854 983; x_wconf 81' lang='lat' dir='ltr'><strong>terminali</strong></span> <span class='ocrx_word' id='word_1_93' title='bbox 899 944 1031 983; x_wconf 82' lang='lat' dir='ltr'><strong>radios</strong></span> <span class='ocrx_word' id='word_1_94' title='bbox 1065 945 1235 991; x_wconf 82' lang='lat' dir='ltr'><strong>habent,</strong></span> <span class='ocrx_word' id='word_1_95' title='bbox 1281 945 1396 983; x_wconf 87' lang='lat' dir='ltr'><strong>facile</strong></span> <span class='ocrx_word' id='word_1_96' title='bbox 1430 945 1484 982; x_wconf 90' lang='lat' dir='ltr'><strong>di—</strong></span> 
     </span>
     <span class='ocr_line' id='line_1_12' title="bbox 54 1023 1483 1075; baseline 0 -14"><span class='ocrx_word' id='word_1_97' title='bbox 54 1023 180 1063; x_wconf 80' lang='lat' dir='ltr'><strong>scerni</strong></span> <span class='ocrx_word' id='word_1_98' title='bbox 198 1031 363 1075; x_wconf 88' lang='lat' dir='ltr'><strong>possunt</strong></span> <span class='ocrx_word' id='word_1_99' title='bbox 396 1025 444 1061; x_wconf 88' lang='lat' dir='ltr'><strong>ab</strong></span> <span class='ocrx_word' id='word_1_100' title='bbox 478 1024 524 1061; x_wconf 89' lang='lat' dir='ltr'><strong>iis</strong></span> <span class='ocrx_word' id='word_1_101' title='bbox 557 1023 662 1061; x_wconf 86' lang='lat' dir='ltr'><strong>illius</strong></span> <span class='ocrx_word' id='word_1_102' title='bbox 694 1023 879 1070; x_wconf 83' lang='lat' dir='ltr'><strong>familiae,</strong></span> <span class='ocrx_word' id='word_1_103' title='bbox 914 1024 945 1061; x_wconf 86' lang='lat' dir='ltr'><strong>si</strong></span> <span class='ocrx_word' id='word_1_104' title='bbox 979 1023 1175 1061; x_wconf 83' lang='lat' dir='ltr'><strong>omittitur</strong></span> <span class='ocrx_word' id='word_1_105' title='bbox 1209 1023 1322 1074; x_wconf 83' lang='lat' dir='ltr'><strong>origo</strong></span> <span class='ocrx_word' id='word_1_106' title='bbox 1355 1023 1483 1061; x_wconf 89' lang='lat' dir='ltr'><strong>radio-</strong></span> 
     </span>
     <span class='ocr_line' id='line_1_13' title="bbox 56 1100 1481 1151; baseline 0.001 -14"><span class='ocrx_word' id='word_1_107' title='bbox 56 1114 165 1148; x_wconf 86' lang='lat' dir='ltr'><strong>rum;</strong></span> <span class='ocrx_word' id='word_1_108' title='bbox 199 1106 410 1151; x_wconf 82' lang='lat' dir='ltr'><strong>praeterea</strong></span> <span class='ocrx_word' id='word_1_109' title='bbox 443 1100 554 1138; x_wconf 84' lang='lat' dir='ltr'><strong>deest</strong></span> <span class='ocrx_word' id='word_1_110' title='bbox 586 1101 758 1151; x_wconf 85' lang='lat' dir='ltr'><strong>squamis</strong></span> <span class='ocrx_word' id='word_1_111' title='bbox 777 1100 1139 1151; x_wconf 86' lang='lat' dir='ltr'><strong>Cyprinoideorum</strong></span> <span class='ocrx_word' id='word_1_112' title='bbox 1171 1101 1255 1138; x_wconf 90' lang='lat' dir='ltr'><strong>sine</strong></span> <span class='ocrx_word' id='word_1_113' title='bbox 1287 1100 1369 1138; x_wconf 85' lang='lat' dir='ltr'><strong>ulla</strong></span> <span class='ocrx_word' id='word_1_114' title='bbox 1400 1102 1481 1139; x_wconf 87' lang='lat' dir='ltr'><strong>fere</strong></span> 
     </span>
     <span class='ocr_line' id='line_1_14' title="bbox 55 1177 1485 1229; baseline 0.001 -13"><span class='ocrx_word' id='word_1_115' title='bbox 55 1179 292 1229; x_wconf 81' lang='lat' dir='ltr'><strong>exceptione</strong></span> <span class='ocrx_word' id='word_1_116' title='bbox 325 1177 527 1229; x_wconf 79' lang='lat' dir='ltr'><strong>appendix</strong></span> <span class='ocrx_word' id='word_1_117' title='bbox 559 1178 687 1216; x_wconf 84' lang='lat' dir='ltr'><strong>tenuis</strong></span> <span class='ocrx_word' id='word_1_118' title='bbox 720 1186 760 1216; x_wconf 85' lang='lat' dir='ltr'><strong>et</strong></span> <span class='ocrx_word' id='word_1_119' title='bbox 792 1185 971 1224; x_wconf 82' lang='lat' dir='ltr'><strong>cutanea,</strong></span> <span class='ocrx_word' id='word_1_120' title='bbox 1005 1192 1123 1229; x_wconf 88' lang='lat' dir='ltr'><strong>quam</strong></span> <span class='ocrx_word' id='word_1_121' title='bbox 1155 1178 1303 1217; x_wconf 84' lang='lat' dir='ltr'><strong>habent</strong></span> <span class='ocrx_word' id='word_1_122' title='bbox 1318 1179 1485 1217; x_wconf 76' lang='lat' dir='ltr'><strong>Labroi-</strong></span> 
     </span>
     <span class='ocr_line' id='line_1_15' title="bbox 54 1255 985 1306; baseline 0 -14"><span class='ocrx_word' id='word_1_123' title='bbox 54 1255 219 1293; x_wconf 91' lang='lat' dir='ltr'><strong>deorum</strong></span> <span class='ocrx_word' id='word_1_124' title='bbox 252 1269 439 1306; x_wconf 82' lang='lat' dir='ltr'>squamae</span> <span class='ocrx_word' id='word_1_125' title='bbox 472 1256 510 1292; x_wconf 89' lang='lat' dir='ltr'><strong>in</strong></span> <span class='ocrx_word' id='word_1_126' title='bbox 543 1256 721 1306; x_wconf 77' lang='lat' dir='ltr'><strong>margine</strong></span> <span class='ocrx_word' id='word_1_127' title='bbox 752 1256 985 1306; x_wconf 85' lang='lat' dir='ltr'><strong>posteriore.</strong></span> 
     </span>
    </p>

    <p class='ocr_par' dir='ltr' id='par_1_4' title="bbox 53 1331 1482 1689">
     <span class='ocr_line' id='line_1_16' title="bbox 176 1331 1482 1381; baseline 0.001 -13"><span class='ocrx_word' id='word_1_128' title='bbox 176 1332 466 1369; x_wconf 82' lang='lat' dir='ltr'><strong>Commorabor</strong></span> <span class='ocrx_word' id='word_1_129' title='bbox 501 1331 789 1381; x_wconf 83' lang='lat' dir='ltr'><strong>aliquantulum</strong></span> <span class='ocrx_word' id='word_1_130' title='bbox 823 1345 926 1369; x_wconf 91' lang='lat' dir='ltr'><strong>nunc</strong></span> <span class='ocrx_word' id='word_1_131' title='bbox 959 1332 1032 1378; x_wconf 88' lang='lat' dir='ltr'><strong>hic,</strong></span> <span class='ocrx_word' id='word_1_132' title='bbox 1069 1340 1108 1368; x_wconf 85' lang='lat' dir='ltr'><strong>ut</strong></span> <span class='ocrx_word' id='word_1_133' title='bbox 1141 1332 1342 1369; x_wconf 76' lang='lat' dir='ltr'><strong>diversum</strong></span> <span class='ocrx_word' id='word_1_134' title='bbox 1374 1332 1482 1370; x_wconf 79' lang='lat' dir='ltr'><strong>habi-</strong></span> 
     </span>
     <span class='ocr_line' id='line_1_17' title="bbox 59 1407 1482 1458; baseline 0.002 -14"><span class='ocrx_word' id='word_1_135' title='bbox 59 1414 141 1445; x_wconf 88' lang='lat' dir='ltr'><strong>tum</strong></span> <span class='ocrx_word' id='word_1_136' title='bbox 159 1407 372 1453; x_wconf 85' lang='lat' dir='ltr'><strong>radiorum,</strong></span> <span class='ocrx_word' id='word_1_137' title='bbox 393 1408 652 1458; x_wconf 79' lang='lat' dir='ltr'><strong>diversosque</strong></span> <span class='ocrx_word' id='word_1_138' title='bbox 677 1409 865 1445; x_wconf 76' lang='lat' dir='ltr'><strong>transitus</strong></span> <span class='ocrx_word' id='word_1_139' title='bbox 898 1409 1059 1446; x_wconf 87' lang='lat' dir='ltr'><strong>huiusce</strong></span> <span class='ocrx_word' id='word_1_140' title='bbox 1094 1409 1201 1447; x_wconf 90' lang='lat' dir='ltr'><strong>modi</strong></span> <span class='ocrx_word' id='word_1_141' title='bbox 1234 1409 1482 1447; x_wconf 84' lang='lat' dir='ltr'><strong>considerem</strong></span> 
     </span>
     <span class='ocr_line' id='line_1_18' title="bbox 62 1485 1481 1535; baseline 0.001 -14"><span class='ocrx_word' id='word_1_142' title='bbox 62 1491 180 1534; x_wconf 84' lang='lat' dir='ltr'><strong>atque</strong></span> <span class='ocrx_word' id='word_1_143' title='bbox 228 1497 314 1522; x_wconf 84' lang='lat' dir='ltr'><strong>eam</strong></span> <span class='ocrx_word' id='word_1_144' title='bbox 362 1485 609 1534; x_wconf 79' lang='lat' dir='ltr'><strong>potissimum</strong></span> <span class='ocrx_word' id='word_1_145' title='bbox 659 1485 709 1522; x_wconf 92' lang='lat' dir='ltr'><strong>ob</strong></span> <span class='ocrx_word' id='word_1_146' title='bbox 759 1498 937 1531; x_wconf 74' lang='lat' dir='ltr'><strong>causam,</strong></span> <span class='ocrx_word' id='word_1_147' title='bbox 971 1486 1076 1535; x_wconf 92' lang='lat' dir='ltr'><strong>quod</strong></span> <span class='ocrx_word' id='word_1_148' title='bbox 1110 1485 1310 1524; x_wconf 82' lang='lat' dir='ltr'><strong>distinctio</strong></span> <span class='ocrx_word' id='word_1_149' title='bbox 1344 1486 1481 1524; x_wconf 86' lang='lat' dir='ltr'><strong>harum</strong></span> 
     </span>
     <span class='ocr_line' id='line_1_19' title="bbox 53 1561 1479 1612; baseline 0.001 -13"><span class='ocrx_word' id='word_1_150' title='bbox 53 1561 328 1599; x_wconf 80' lang='lat' dir='ltr'><strong>diversitatum</strong></span> <span class='ocrx_word' id='word_1_151' title='bbox 360 1574 477 1611; x_wconf 82' lang='lat' dir='ltr'><strong>saepe</strong></span> <span class='ocrx_word' id='word_1_152' title='bbox 498 1562 677 1600; x_wconf 74' lang='lat' dir='ltr'><strong>adhiberi</strong></span> <span class='ocrx_word' id='word_1_153' title='bbox 712 1568 842 1612; x_wconf 83' lang='lat' dir='ltr'><strong>potest.</strong></span> <span class='ocrx_word' id='word_1_154' title='bbox 877 1563 924 1600; x_wconf 86' lang='lat' dir='ltr'><strong>ad</strong></span> <span class='ocrx_word' id='word_1_155' title='bbox 958 1575 1106 1612; x_wconf 85' lang='lat' dir='ltr'><strong>genera</strong></span> <span class='ocrx_word' id='word_1_156' title='bbox 1138 1569 1177 1600; x_wconf 79' lang='lat' dir='ltr'><strong>et</strong></span> <span class='ocrx_word' id='word_1_157' title='bbox 1217 1564 1368 1612; x_wconf 87' lang='lat' dir='ltr'><strong>species</strong></span> <span class='ocrx_word' id='word_1_158' title='bbox 1421 1563 1479 1601; x_wconf 78' lang='lat' dir='ltr'><strong>di-</strong></span> 
     </span>
     <span class='ocr_line' id='line_1_20' title="bbox 55 1639 292 1689; baseline -0.008 -12"><span class='ocrx_word' id='word_1_159' title='bbox 55 1639 292 1689; x_wconf 83' lang='lat' dir='ltr'><strong>gnoscenda.</strong></span> 
     </span>
    </p>

    <p class='ocr_par' dir='ltr' id='par_1_5' title="bbox 50 1716 1483 2688">
     <span class='ocr_line' id='line_1_21' title="bbox 172 1716 1483 1767; baseline 0.001 -13"><span class='ocrx_word' id='word_1_160' title='bbox 172 1717 219 1754; x_wconf 92' lang='lat' dir='ltr'><strong>In</strong></span> <span class='ocrx_word' id='word_1_161' title='bbox 252 1717 423 1766; x_wconf 84' lang='lat' dir='ltr'><strong>squamis</strong></span> <span class='ocrx_word' id='word_1_162' title='bbox 450 1716 616 1767; x_wconf 76' lang='lat' dir='ltr'><strong>Cyprini</strong></span> <span class='ocrx_word' id='word_1_163' title='bbox 649 1718 788 1763; x_wconf 85' lang='lat' dir='ltr'><strong>aurati,</strong></span> <span class='ocrx_word' id='word_1_164' title='bbox 821 1718 942 1755; x_wconf 82' lang='lat' dir='ltr'><strong>Barbi</strong></span> <span class='ocrx_word' id='word_1_165' title='bbox 976 1717 1178 1755; x_wconf 77' lang='lat' dir='ltr'><strong>fluviatilis</strong></span> <span class='ocrx_word' id='word_1_166' title='bbox 1211 1718 1250 1754; x_wconf 90' lang='lat' dir='ltr'><strong>in</strong></span> <span class='ocrx_word' id='word_1_167' title='bbox 1285 1719 1483 1756; x_wconf 84' lang='lat' dir='ltr'><strong>anteriore</strong></span> 
     </span>
     <span class='ocr_line' id='line_1_22' title="bbox 57 1794 1483 1844; baseline 0.001 -13"><span class='ocrx_word' id='word_1_168' title='bbox 57 1800 95 1831; x_wconf 83' lang='lat' dir='ltr'><strong>et</strong></span> <span class='ocrx_word' id='word_1_169' title='bbox 143 1794 365 1844; x_wconf 87' lang='lat' dir='ltr'><strong>posteriore</strong></span> <span class='ocrx_word' id='word_1_170' title='bbox 417 1800 530 1843; x_wconf 74' lang='lat' dir='ltr'><strong>parte</strong></span> <span class='ocrx_word' id='word_1_171' title='bbox 575 1794 675 1831; x_wconf 87' lang='lat' dir='ltr'><strong>radii</strong></span> <span class='ocrx_word' id='word_1_172' title='bbox 720 1801 809 1831; x_wconf 84' lang='lat' dir='ltr'><strong>sunt</strong></span> <span class='ocrx_word' id='word_1_173' title='bbox 856 1808 905 1831; x_wconf 83' lang='lat' dir='ltr'><strong>ex</strong></span> <span class='ocrx_word' id='word_1_174' title='bbox 938 1801 1074 1832; x_wconf 86' lang='lat' dir='ltr'><strong>centro</strong></span> <span class='ocrx_word' id='word_1_175' title='bbox 1109 1794 1347 1841; x_wconf 75' lang='lat' dir='ltr'><strong>exorientes,</strong></span> <span class='ocrx_word' id='word_1_176' title='bbox 1381 1796 1483 1832; x_wconf 84' lang='lat' dir='ltr'><strong>inter</strong></span> 
     </span>
     <span class='ocr_line' id='line_1_23' title="bbox 54 1870 1481 1923; baseline -0.001 -14"><span class='ocrx_word' id='word_1_177' title='bbox 54 1884 151 1922; x_wconf 88' lang='lat' dir='ltr'><strong>quos</strong></span> <span class='ocrx_word' id='word_1_178' title='bbox 184 1871 251 1908; x_wconf 86' lang='lat' dir='ltr'><strong>alii</strong></span> <span class='ocrx_word' id='word_1_179' title='bbox 283 1872 488 1909; x_wconf 76' lang='lat' dir='ltr'><strong>breviores</strong></span> <span class='ocrx_word' id='word_1_180' title='bbox 523 1878 717 1921; x_wconf 73' lang='lat' dir='ltr'><strong>apparent.</strong></span> <span class='ocrx_word' id='word_1_181' title='bbox 751 1884 828 1908; x_wconf 89' lang='lat' dir='ltr'><strong>non</strong></span> <span class='ocrx_word' id='word_1_182' title='bbox 859 1871 963 1908; x_wconf 87' lang='lat' dir='ltr'><strong>illius</strong></span> <span class='ocrx_word' id='word_1_183' title='bbox 1005 1871 1167 1920; x_wconf 84' lang='lat' dir='ltr'><strong>originis</strong></span> <span class='ocrx_word' id='word_1_184' title='bbox 1201 1870 1287 1921; x_wconf 85' lang='lat' dir='ltr'><strong>(cfr.</strong></span> <span class='ocrx_word' id='word_1_185' title='bbox 1322 1871 1481 1923; x_wconf 70' lang='lat' dir='ltr'><strong>supra);</strong></span> 
     </span>
     <span class='ocr_line' id='line_1_24' title="bbox 52 1946 1482 2001; baseline 0.001 -18"><span class='ocrx_word' id='word_1_186' title='bbox 52 1960 240 1998; x_wconf 76' lang='lat' dir='ltr'><strong>squamae</strong></span> <span class='ocrx_word' id='word_1_187' title='bbox 274 1947 492 2001; x_wconf 47' lang='lat' dir='ltr'><strong>⁸Leucisci,</strong></span> <span class='ocrx_word' id='word_1_188' title='bbox 526 1947 757 1985; x_wconf 78' lang='lat' dir='ltr'><strong>Abramidis</strong></span> <span class='ocrx_word' id='word_1_189' title='bbox 808 1948 956 1984; x_wconf 81' lang='lat' dir='ltr'><strong>bliccae</strong></span> <span class='ocrx_word' id='word_1_190' title='bbox 1003 1956 1041 1984; x_wconf 86' lang='lat' dir='ltr'><strong>et</strong></span> <span class='ocrx_word' id='word_1_191' title='bbox 1087 1946 1287 1984; x_wconf 82' lang='lat' dir='ltr'><strong>Labeonis</strong></span> <span class='ocrx_word' id='word_1_192' title='bbox 1330 1947 1482 1985; x_wconf 80' lang='lat' dir='ltr'><strong>nilotici</strong></span> 
     </span>
     <span class='ocr_line' id='line_1_25' title="bbox 52 2024 1479 2075; baseline 0.001 -14"><span class='ocrx_word' id='word_1_193' title='bbox 52 2024 212 2062; x_wconf 83' lang='lat' dir='ltr'><strong>easdem</strong></span> <span class='ocrx_word' id='word_1_194' title='bbox 245 2025 440 2074; x_wconf 83' lang='lat' dir='ltr'><strong>praebent</strong></span> <span class='ocrx_word' id='word_1_195' title='bbox 474 2025 670 2071; x_wconf 84' lang='lat' dir='ltr'><strong>rationes,</strong></span> <span class='ocrx_word' id='word_1_196' title='bbox 715 2024 787 2061; x_wconf 85' lang='lat' dir='ltr'><strong>nisi</strong></span> <span class='ocrx_word' id='word_1_197' title='bbox 821 2032 954 2074; x_wconf 83' lang='lat' dir='ltr'><strong>partes</strong></span> <span class='ocrx_word' id='word_1_198' title='bbox 988 2024 1174 2062; x_wconf 79' lang='lat' dir='ltr'><strong>laterales</strong></span> <span class='ocrx_word' id='word_1_199' title='bbox 1206 2025 1283 2062; x_wconf 85' lang='lat' dir='ltr'><strong>siut</strong></span> <span class='ocrx_word' id='word_1_200' title='bbox 1316 2025 1479 2075; x_wconf 84' lang='lat' dir='ltr'><strong>amplio-</strong></span> 
     </span>
     <span class='ocr_line' id='line_1_26' title="bbox 50 2102 1477 2152; baseline 0 -12"><span class='ocrx_word' id='word_1_201' title='bbox 50 2117 125 2149; x_wconf 88' lang='lat' dir='ltr'><strong>res,</strong></span> <span class='ocrx_word' id='word_1_202' title='bbox 159 2104 251 2152; x_wconf 84' lang='lat' dir='ltr'><strong>quia</strong></span> <span class='ocrx_word' id='word_1_203' title='bbox 284 2103 492 2140; x_wconf 81' lang='lat' dir='ltr'><strong>canaliculi</strong></span> <span class='ocrx_word' id='word_1_204' title='bbox 526 2104 563 2140; x_wconf 85' lang='lat' dir='ltr'><strong>in</strong></span> <span class='ocrx_word' id='word_1_205' title='bbox 597 2103 842 2152; x_wconf 81' lang='lat' dir='ltr'><strong>marginibus</strong></span> <span class='ocrx_word' id='word_1_206' title='bbox 871 2103 1104 2140; x_wconf 81' lang='lat' dir='ltr'><strong>lateralibus</strong></span> <span class='ocrx_word' id='word_1_207' title='bbox 1138 2102 1199 2140; x_wconf 87' lang='lat' dir='ltr'><strong>hic</strong></span> <span class='ocrx_word' id='word_1_208' title='bbox 1231 2116 1307 2139; x_wconf 88' lang='lat' dir='ltr'><strong>nou</strong></span> <span class='ocrx_word' id='word_1_209' title='bbox 1341 2102 1477 2140; x_wconf 85' lang='lat' dir='ltr'><strong>finiun-</strong></span> 
     </span>
     <span class='ocr_line' id='line_1_27' title="bbox 52 2178 1477 2229; baseline 0 -11"><span class='ocrx_word' id='word_1_210' title='bbox 52 2189 127 2218; x_wconf 87' lang='lat' dir='ltr'><strong>tur.</strong></span> <span class='ocrx_word' id='word_1_211' title='bbox 175 2179 217 2217; x_wconf 85' lang='lat' dir='ltr'><strong>Si</strong></span> <span class='ocrx_word' id='word_1_212' title='bbox 251 2181 328 2217; x_wconf 90' lang='lat' dir='ltr'><strong>iam</strong></span> <span class='ocrx_word' id='word_1_213' title='bbox 362 2181 399 2216; x_wconf 90' lang='lat' dir='ltr'><strong>in</strong></span> <span class='ocrx_word' id='word_1_214' title='bbox 434 2179 630 2218; x_wconf 80' lang='lat' dir='ltr'><strong>nonnullis</strong></span> <span class='ocrx_word' id='word_1_215' title='bbox 665 2181 838 2229; x_wconf 81' lang='lat' dir='ltr'><strong>squamis</strong></span> <span class='ocrx_word' id='word_1_216' title='bbox 870 2181 1016 2229; x_wconf 84' lang='lat' dir='ltr'><strong>speciei</strong></span> <span class='ocrx_word' id='word_1_217' title='bbox 1049 2178 1166 2216; x_wconf 89' lang='lat' dir='ltr'><strong>modo</strong></span> <span class='ocrx_word' id='word_1_218' title='bbox 1186 2180 1315 2218; x_wconf 82' lang='lat' dir='ltr'><strong>dictae</strong></span> <span class='ocrx_word' id='word_1_219' title='bbox 1349 2181 1477 2218; x_wconf 85' lang='lat' dir='ltr'><strong>Abra-</strong></span> 
     </span>
     <span class='ocr_line' id='line_1_28' title="bbox 53 2238 1474 2298; baseline 0 -4"><span class='ocrx_word' id='word_1_220' title='bbox 53 2257 167 2294; x_wconf 81' lang='lat' dir='ltr'><strong>midis</strong></span> <span class='ocrx_word' id='word_1_221' title='bbox 201 2264 239 2293; x_wconf 82' lang='lat' dir='ltr'><strong>et</strong></span> <span class='ocrx_word' id='word_1_222' title='bbox 273 2256 472 2293; x_wconf 83' lang='lat' dir='ltr'><strong>Labeonis</strong></span> <span class='ocrx_word' id='word_1_223' title='bbox 495 2238 573 2293; x_wconf 79' lang='lat' dir='ltr'><strong>uon</strong></span> <span class='ocrx_word' id='word_1_224' title='bbox 588 2257 700 2293; x_wconf 78' lang='lat' dir='ltr'><strong>adest</strong></span> <span class='ocrx_word' id='word_1_225' title='bbox 723 2264 901 2294; x_wconf 76' lang='lat' dir='ltr'><strong>centrum</strong></span> <span class='ocrx_word' id='word_1_226' title='bbox 935 2257 1148 2298; x_wconf 77' lang='lat' dir='ltr'><strong>radiorum,</strong></span> <span class='ocrx_word' id='word_1_227' title='bbox 1185 2264 1317 2294; x_wconf 85' lang='lat' dir='ltr'><strong>tamen</strong></span> <span class='ocrx_word' id='word_1_228' title='bbox 1353 2259 1474 2294; x_wconf 87' lang='lat' dir='ltr'><strong>omni-</strong></span> 
     </span>
     <span class='ocr_line' id='line_1_29' title="bbox 52 2333 1478 2384; baseline 0.001 -14"><span class='ocrx_word' id='word_1_229' title='bbox 52 2334 124 2370; x_wconf 82' lang='lat' dir='ltr'><strong>bus</strong></span> <span class='ocrx_word' id='word_1_230' title='bbox 171 2333 402 2370; x_wconf 79' lang='lat' dir='ltr'><strong>Abramidis</strong></span> <span class='ocrx_word' id='word_1_231' title='bbox 464 2333 622 2369; x_wconf 77' lang='lat' dir='ltr'><strong>vimbae</strong></span> <span class='ocrx_word' id='word_1_232' title='bbox 685 2345 841 2382; x_wconf 86' lang='lat' dir='ltr'><strong>semper</strong></span> <span class='ocrx_word' id='word_1_233' title='bbox 886 2333 1019 2379; x_wconf 79' lang='lat' dir='ltr'><strong>deest;</strong></span> <span class='ocrx_word' id='word_1_234' title='bbox 1060 2346 1248 2383; x_wconf 80' lang='lat' dir='ltr'><strong>squamae</strong></span> <span class='ocrx_word' id='word_1_235' title='bbox 1292 2333 1478 2384; x_wconf 81' lang='lat' dir='ltr'><strong>deinceps</strong></span> 
     </span>
     <span class='ocr_line' id='line_1_30' title="bbox 52 2408 1477 2458; baseline 0.001 -12"><span class='ocrx_word' id='word_1_236' title='bbox 52 2408 282 2447; x_wconf 82' lang='lat' dir='ltr'><strong>Abramidis</strong></span> <span class='ocrx_word' id='word_1_237' title='bbox 315 2409 455 2445; x_wconf 75' lang='lat' dir='ltr'><strong>balleri</strong></span> <span class='ocrx_word' id='word_1_238' title='bbox 490 2408 729 2446; x_wconf 70' lang='lat' dir='ltr'><strong>canaliculos</strong></span> <span class='ocrx_word' id='word_1_239' title='bbox 765 2409 801 2444; x_wconf 89' lang='lat' dir='ltr'><strong>in</strong></span> <span class='ocrx_word' id='word_1_240' title='bbox 835 2416 948 2458; x_wconf 84' lang='lat' dir='ltr'><strong>parte</strong></span> <span class='ocrx_word' id='word_1_241' title='bbox 982 2416 1134 2447; x_wconf 80' lang='lat' dir='ltr'><strong>tantum</strong></span> <span class='ocrx_word' id='word_1_242' title='bbox 1167 2410 1366 2447; x_wconf 81' lang='lat' dir='ltr'><strong>terminali</strong></span> <span class='ocrx_word' id='word_1_243' title='bbox 1411 2424 1477 2447; x_wconf 80' lang='lat' dir='ltr'><strong>ex-</strong></span> 
     </span>
     <span class='ocr_line' id='line_1_31' title="bbox 52 2485 1478 2538; baseline 0 -14"><span class='ocrx_word' id='word_1_244' title='bbox 52 2486 200 2532; x_wconf 84' lang='lat' dir='ltr'><strong>hibent,</strong></span> <span class='ocrx_word' id='word_1_245' title='bbox 230 2485 370 2535; x_wconf 84' lang='lat' dir='ltr'><strong>quibus</strong></span> <span class='ocrx_word' id='word_1_246' title='bbox 396 2498 472 2522; x_wconf 90' lang='lat' dir='ltr'><strong>non</strong></span> <span class='ocrx_word' id='word_1_247' title='bbox 494 2492 552 2522; x_wconf 83' lang='lat' dir='ltr'><strong>est</strong></span> <span class='ocrx_word' id='word_1_248' title='bbox 587 2493 764 2523; x_wconf 86' lang='lat' dir='ltr'><strong>centrum</strong></span> <span class='ocrx_word' id='word_1_249' title='bbox 781 2486 1002 2535; x_wconf 84' lang='lat' dir='ltr'><strong>quoddam3</strong></span> <span class='ocrx_word' id='word_1_250' title='bbox 1031 2486 1201 2537; x_wconf 88' lang='lat' dir='ltr'><strong>denique</strong></span> <span class='ocrx_word' id='word_1_251' title='bbox 1233 2487 1272 2523; x_wconf 93' lang='lat' dir='ltr'><strong>in</strong></span> <span class='ocrx_word' id='word_1_252' title='bbox 1305 2488 1478 2538; x_wconf 75' lang='lat' dir='ltr'><strong>squamis</strong></span> 
     </span>
     <span class='ocr_line' id='line_1_32' title="bbox 52 2561 1471 2614; baseline 0.001 -14"><span class='ocrx_word' id='word_1_253' title='bbox 52 2561 363 2601; x_wconf 86' lang='lat' dir='ltr'><strong>Pelecicultrati</strong></span> <span class='ocrx_word' id='word_1_254' title='bbox 396 2562 434 2599; x_wconf 91' lang='lat' dir='ltr'><strong>in</strong></span> <span class='ocrx_word' id='word_1_255' title='bbox 468 2569 579 2612; x_wconf 84' lang='lat' dir='ltr'><strong>parte</strong></span> <span class='ocrx_word' id='word_1_256' title='bbox 606 2564 827 2613; x_wconf 85' lang='lat' dir='ltr'><strong>posteriore</strong></span> <span class='ocrx_word' id='word_1_257' title='bbox 851 2563 982 2601; x_wconf 82' lang='lat' dir='ltr'><strong>radios</strong></span> <span class='ocrx_word' id='word_1_258' title='bbox 1018 2570 1169 2600; x_wconf 86' lang='lat' dir='ltr'><strong>tantum</strong></span> <span class='ocrx_word' id='word_1_259' title='bbox 1203 2563 1354 2614; x_wconf 81' lang='lat' dir='ltr'><strong>aliquot</strong></span> <span class='ocrx_word' id='word_1_260' title='bbox 1387 2565 1471 2602; x_wconf 84' lang='lat' dir='ltr'><strong>brc-</strong></span> 
     </span>
     <span class='ocr_line' id='line_1_33' title="bbox 53 2639 980 2688; baseline 0.002 -13"><span class='ocrx_word' id='word_1_261' title='bbox 53 2653 120 2678; x_wconf 79' lang='lat' dir='ltr'><strong>ves</strong></span> <span class='ocrx_word' id='word_1_262' title='bbox 154 2646 193 2676; x_wconf 86' lang='lat' dir='ltr'><strong>et</strong></span> <span class='ocrx_word' id='word_1_263' title='bbox 226 2639 335 2688; x_wconf 84' lang='lat' dir='ltr'><strong>quasi</strong></span> <span class='ocrx_word' id='word_1_264' title='bbox 369 2639 675 2677; x_wconf 83' lang='lat' dir='ltr'><strong>rudimentarios</strong></span> <span class='ocrx_word' id='word_1_265' title='bbox 710 2641 980 2677; x_wconf 78' lang='lat' dir='ltr'><strong>observamus.</strong></span> 
     </span>
    </p>

    <p class='ocr_par' dir='ltr' id='par_1_6' title="bbox 172 2713 1473 2767">
     <span class='ocr_line' id='line_1_34' title="bbox 172 2713 1473 2767; baseline 0 -15"><span class='ocrx_word' id='word_1_266' title='bbox 172 2713 344 2752; x_wconf 85' lang='lat' dir='ltr'><strong>Bleeker</strong></span> <span class='ocrx_word' id='word_1_267' title='bbox 377 2715 413 2751; x_wconf 87' lang='lat' dir='ltr'><strong>in</strong></span> <span class='ocrx_word' id='word_1_268' title='bbox 437 2715 602 2753; x_wconf 76' lang='lat' dir='ltr'><strong>diversis</strong></span> <span class='ocrx_word' id='word_1_269' title='bbox 638 2717 792 2761; x_wconf 74' lang='lat' dir='ltr'><strong>libellis,</strong></span> <span class='ocrx_word' id='word_1_270' title='bbox 828 2730 924 2766; x_wconf 75' lang='lat' dir='ltr'><strong>quos</strong></span> <span class='ocrx_word' id='word_1_271' title='bbox 959 2718 1193 2767; x_wconf 82' lang='lat' dir='ltr'><strong>conscripsit</strong></span> <span class='ocrx_word' id='word_1_272' title='bbox 1226 2717 1272 2754; x_wconf 74' lang='lat' dir='ltr'><strong>de</strong></span> <span class='ocrx_word' id='word_1_273' title='bbox 1301 2716 1473 2766; x_wconf 71' lang='lat' dir='ltr'><strong>piscibus</strong></span> 
     </span>
    </p>

    <p class='ocr_par' dir='ltr' id='par_1_7' title="bbox 1148 2800 1166 2829">
     <span class='ocr_line' id='line_1_35' title="bbox 1148 2800 1166 2829; baseline 0 0"><span class='ocrx_word' id='word_1_274' title='bbox 1148 2800 1166 2829; x_wconf 78' lang='grc'><strong>3</strong></span> 
     </span>
    </p>
   </div>
  </div>
 </body>
</html>
