1629 3015
672 101 963 141 ..34-

104 233 140 269 in
188 231 344 270 diversa
391 236 519 268 aetate
565 231 733 280 positam
773 244 855 268 esse
890 232 1076 280 suspicor.
1140 231 1186 268 In
1219 236 1331 281 parte
1363 230 1524 268 basilari

112 309 210 345 radii
253 309 376 358 magis
425 308 645 357 divergunt‚
696 321 812 357 quam
844 309 882 344 in
919 307 1127 353 terminali,
1163 307 1217 344 ita
1249 312 1290 344 ut
1323 307 1526 344 lacunaria

103 385 206 421 illius
239 385 381 422 latiora
408 392 625 434 appareant
660 397 776 433 quam
809 384 946 430 huius-3
982 384 1083 420 inter
1117 383 1248 420 radios
1281 383 1350 421 hos
1383 383 1524 420 utrius-

104 474 179 510 que
228 462 350 510 partis
397 460 486 497 hinc
530 460 619 497 inde
670 461 735 497 alii
768 461 1018 507 exoriunturg
1052 460 1153 498 radii
1187 473 1282 497 vero
1315 459 1525 496 anterioris

105 545 141 574 et
175 538 404 587 posterioris
420 537 542 586 partis
563 550 639 574 non
658 538 785 574 minus
819 548 936 586 quam
968 537 1005 581 ii,
1040 537 1104 586 qui
1139 537 1177 573 in
1211 542 1379 585 utraque
1413 542 1525 585 parte

102 614 284 664 proxime
331 613 405 650 sibi
454 613 663 659 accedunt,
714 613 940 651 canaliculis
987 613 1203 650 interiectis
1251 612 1313 649 hic
1346 612 1409 648 vel
1442 612 1522 648 illic

104 690 300 727 coniuncti
334 697 433 726 sunt.

224 766 407 803 Lineatio
436 777 686 814 squamarum
720 764 757 799 in
792 770 849 799 tot
876 763 1088 813 generibus
1121 763 1233 799 huius
1266 762 1439 800 familiae
1471 764 1525 800 ita

106 850 370 880 consentanea
418 848 486 888 est,
534 848 576 877 ut
622 853 711 877 raro
759 840 885 876 simile
919 840 1012 889 quid
1059 840 1281 889 repperias3
1331 841 1368 876 in
1413 848 1525 890 parte

104 921 265 958 basilari
299 927 337 957 et
370 926 537 969 utraque
579 919 733 956 laterali
775 918 904 956 lineae
938 920 1084 956 'tenues
1115 925 1204 955 sunt
1236 918 1418 968 proxime
1451 918 1524 955 sibi

107 997 350 1043 accedentes,
369 1010 480 1047 quae,
515 998 581 1034 ubi
615 996 779 1033 veniunt
812 996 850 1032 in
876 1002 1029 1046 partem
1060 994 1320 1041 terminalem,
1352 995 1525 1033 maxime

107 1073 323 1119 discedunt,
356 1074 412 1110 ita
444 1080 487 1110 ut
519 1074 557 1110 in
591 1086 636 1110 ea
670 1085 787 1122 saepe
822 1072 1006 1121 cognosci
1039 1076 1248 1121 nequeant.

225 1150 441 1187 Praeterea
485 1150 658 1200 squamis
706 1149 820 1185 huius
858 1149 1031 1187 familiae
1072 1149 1254 1199 proprius
1294 1154 1352 1186 est
1383 1149 1525 1186 limbus

107 1228 266 1278 quidam
301 1233 488 1276 angust-us
520 1226 673 1272 tenuis,
721 1225 940 1275 pellucidus
972 1225 1160 1275 marginis
1199 1225 1453 1275 posterioris,
1487 1225 1526 1261 in

109 1320 185 1358 quo
219 1306 318 1343 radii
352 1305 475 1355 partis
508 1303 724 1341 terminalis
757 1310 800 1339 ut
831 1302 959 1339 lineae
993 1309 1130 1339 tenues
1163 1301 1360 1339 finiuntur.

223 1383 404 1431 Insignes
452 1381 575 1431 igitur
608 1386 696 1416 sunt
730 1392 917 1428 squamae
949 1378 1268 1416 Labroideorum
1302 1376 1526 1428 cycloideo-

106 1471 190 1495 rum
237 1458 408 1495 maxime
454 1469 596 1506 magno
643 1467 807 1492 numero
849 1454 1048 1492 radiorum
1083 1454 1200 1491 valde
1234 1454 1526 1503 divergentium

111 1541 192 1571 tum
226 1535 263 1571 in
297 1540 409 1584 parte
444 1533 614 1579 basilari,
643 1539 725 1569 tum
759 1532 796 1568 in
829 1531 1038 1575 terminali,
1057 1544 1222 1581 quorum
1248 1531 1409 1581 propria
1441 1544 1529 1568 con-

105 1611 305 1648 iunctione
339 1618 407 1647 aut
440 1609 588 1647 canalis
617 1608 802 1645 centralis
826 1609 1060 1658 plerumque
1095 1607 1305 1655 annularis,
1339 1614 1405 1644 aut
1437 1620 1525 1644 con-

105 1687 318 1724 fluentibus
358 1695 475 1737 atque
516 1686 808 1723 discedentibus
854 1686 948 1734 ipsis
982 1684 1111 1729 radiis,
1147 1685 1317 1734 spatium
1352 1683 1527 1721 centrale

108 1763 322 1800 exhibitur.

225 1837 280 1882 De
294 1836 530 1883 Labroideis
545 1835 782 1882 ctenoideis.
818 1839 947 1876 Huius
975 1838 1146 1876 familiae
1167 1851 1354 1888 squamae
1371 1842 1531 1888 praeter

108 1918 158 1963 id,
179 1918 283 1968 quod
303 1924 478 1955 armatae
497 1923 597 1962 sunt,
615 1917 663 1954 ab
679 1916 725 1953 iis
741 1916 914 1954 familiae
925 1916 1131 1965 proximae
1150 1915 1267 1953 valde
1286 1915 1529 1965 distinguun-

110 2002 183 2042 tur,
199 1995 304 2045 quod
323 1994 500 2031 canalem
520 1994 627 2030 illam
643 1993 859 2030 centralem
878 2005 955 2029 non
978 1992 1126 2030 habent
1155 2004 1227 2030 nec
1241 1992 1412 2042 spatium
1433 1991 1531 2029 illud

110 2071 285 2109 centrale
302 2070 647 2116 reticulatum‚nec
671 2069 798 2106 sulcos
813 2069 851 2105 in
869 2075 982 2118 parte
1001 2068 1221 2115 terminali3
1241 2072 1415 2106 ceterum
1441 2080 1531 2118 pars

113 2148 330 2185 terminalis
363 2147 546 2184 dentibus
586 2146 802 2192 biseriatis,
837 2145 1078 2196 corpusculis
1110 2144 1379 2182 multiseriatis
1421 2156 1532 2194 prae-

114 2225 196 2263 dita
229 2231 314 2271 est3
355 2224 492 2262 dentes
523 2223 777 2261 mediocriter
815 2222 924 2272 longi
957 2228 996 2259 et
1028 2222 1253 2272 praeacuti,
1300 2220 1532 2271 corpuscula

112 2306 296 2350 protenta
328 2306 367 2336 et
408 2298 785 2348 parallelepipedica
815 2303 915 2344 sunt,
935 2310 985 2335 ex
1019 2296 1160 2347 quibus
1190 2297 1344 2334 minora
1375 2301 1528 2333 tantum

111 2384 291 2414 extrema
324 2377 467 2414 acriter
500 2376 699 2414 delineata
731 2376 993 2413 observantur
1024 2373 1297 2423 microscopio.
1332 2372 1530 2423 Squamae

108 2454 346 2504 plerumque
378 2454 544 2490 formam
568 2453 715 2490 habent
729 2454 811 2489 fere
844 2451 1091 2498 semicirculi,
1106 2450 1285 2500 margine
1311 2450 1531 2500 posteriore

112 2529 346 2567 diametrum
379 2531 627 2575 efformante,
659 2530 715 2566 ita
744 2534 787 2566 ut
819 2529 881 2566 hic
927 2534 1075 2574 rectus,
1109 2528 1283 2566 anterior
1315 2526 1407 2563 satis
1448 2527 1524 2564 for-

110 2610 204 2646 titer
244 2608 410 2645 inflexus
450 2609 509 2645 sit,
585 2607 775 2644 Proxime
818 2612 909 2643 ante
958 2606 1189 2655 corpuscula
1238 2611 1417 2643 centrum
1475 2611 1533 2641 est

107 2676 299 2721 linearum
342 2684 697 2729 concentricarum,
744 2694 909 2732 quarum
942 2682 1102 2718 intimae
1132 2681 1240 2731 ipsae
1269 2694 1359 2718 raro
1377 2680 1533 2718 clausae

108 2767 213 2808 sunt3
232 2762 326 2799 satis
354 2761 471 2809 longe
502 2772 524 2796 a
556 2766 691 2798 centro
723 2759 914 2797 distantes
945 2758 1074 2796 subito
1089 2757 1193 2796 haud
1212 2757 1325 2795 multi
1342 2756 1442 2795 radii
1467 2768 1532 2806 ap-
