<?xml version="1.0" encoding="UTF-8"?>
<!DOCTYPE html PUBLIC "-//W3C//DTD XHTML 1.0 Transitional//EN"
    "http://www.w3.org/TR/xhtml1/DTD/xhtml1-transitional.dtd">
<html xmlns="http://www.w3.org/1999/xhtml" xml:lang="en" lang="en">
 <head>
  <title>
</title>
<meta http-equiv="Content-Type" content="text/html;charset=utf-8" />
  <meta name='ocr-system' content='tesseract 3.04.00' />
  <meta name='ocr-capabilities' content='ocr_page ocr_carea ocr_par ocr_line ocrx_word'/>
</head>
<body>
  <div class='ocr_page' id='page_1' title='image "./deanatomiaetmorp00stee_0045.png"; bbox 0 0 1629 3015; ppageno 0'>
   <div class='ocr_carea' id='block_1_1' title="bbox 634 77 927 118">
    <p class='ocr_par' dir='ltr' id='par_1_1' title="bbox 634 77 927 118">
     <span class='ocr_line' id='line_1_1' title="bbox 634 77 927 118; baseline 0.003 -12"><span class='ocrx_word' id='word_1_1' title='bbox 634 77 927 118; x_wconf 73' lang='lat'>..41-</span> 
     </span>
    </p>
   </div>
   <div class='ocr_carea' id='block_1_2' title="bbox 44 195 1479 1245">
    <p class='ocr_par' dir='ltr' id='par_1_2' title="bbox 44 195 1479 938">
     <span class='ocr_line' id='line_1_2' title="bbox 55 195 1476 245; baseline 0.001 -14"><span class='ocrx_word' id='word_1_2' title='bbox 55 195 125 232; x_wconf 72' lang='lat' dir='ltr'>mis</span> <span class='ocrx_word' id='word_1_3' title='bbox 154 195 487 245; x_wconf 78' lang='lat' dir='ltr'>Clupeoideorum</span> <span class='ocrx_word' id='word_1_4' title='bbox 522 209 619 244; x_wconf 77' lang='lat' dir='ltr'>quos</span> <span class='ocrx_word' id='word_1_5' title='bbox 653 195 872 245; x_wconf 78' lang='lat' dir='ltr'>descripsit,</span> <span class='ocrx_word' id='word_1_6' title='bbox 906 201 1024 245; x_wconf 80' lang='lat' dir='ltr'>atque</span> <span class='ocrx_word' id='word_1_7' title='bbox 1059 195 1158 232; x_wconf 79' lang='lat' dir='ltr'>hano</span> <span class='ocrx_word' id='word_1_8' title='bbox 1192 195 1476 245; x_wconf 74' lang='lat' dir='ltr'><strong>proprietatem</strong></span> 
     </span>
     <span class='ocr_line' id='line_1_3' title="bbox 54 272 1476 323; baseline 0.001 -15"><span class='ocrx_word' id='word_1_9' title='bbox 54 273 184 309; x_wconf 66' lang='lat' dir='ltr'>verbis</span> <span class='ocrx_word' id='word_1_10' title='bbox 219 273 322 310; x_wconf 77' lang='lat' dir='ltr'>hisee</span> <span class='ocrx_word' id='word_1_11' title='bbox 355 272 541 322; x_wconf 85' lang='lat' dir='ltr'>protulit:</span> <span class='ocrx_word' id='word_1_12' title='bbox 582 272 805 322; x_wconf 80' lang='lat' dir='ltr'>„Squamae</span> <span class='ocrx_word' id='word_1_13' title='bbox 841 272 1098 309; x_wconf 74' lang='lat' dir='ltr'><strong>transversim</strong></span> <span class='ocrx_word' id='word_1_14' title='bbox 1131 273 1322 318; x_wconf 79' lang='lat' dir='ltr'>striatae,</span> <span class='ocrx_word' id='word_1_15' title='bbox 1362 287 1476 323; x_wconf 82' lang='lat' dir='ltr'>squa-</span> 
     </span>
     <span class='ocr_line' id='line_1_4' title="bbox 52 349 1479 400; baseline 0.001 -15"><span class='ocrx_word' id='word_1_16' title='bbox 52 362 138 386; x_wconf 84' lang='lat' dir='ltr'>mae</span> <span class='ocrx_word' id='word_1_17' title='bbox 170 356 283 398; x_wconf 84' lang='lat' dir='ltr'>parte</span> <span class='ocrx_word' id='word_1_18' title='bbox 302 349 461 386; x_wconf 78' lang='lat' dir='ltr'>basilari</span> <span class='ocrx_word' id='word_1_19' title='bbox 481 350 735 386; x_wconf 79' lang='lat' dir='ltr'>transversim</span> <span class='ocrx_word' id='word_1_20' title='bbox 755 350 918 387; x_wconf 73' lang='lat' dir='ltr'>striatae</span> <span class='ocrx_word' id='word_1_21' title='bbox 937 365 944 396; x_wconf 77' lang='lat'>3</span> <span class='ocrx_word' id='word_1_22' title='bbox 978 363 1166 399; x_wconf 79' lang='lat' dir='ltr'>squamae</span> <span class='ocrx_word' id='word_1_23' title='bbox 1183 356 1297 400; x_wconf 87' lang='lat' dir='ltr'>parte</span> <span class='ocrx_word' id='word_1_24' title='bbox 1316 350 1479 388; x_wconf 81' lang='lat' dir='ltr'>basilari</span> 
     </span>
     <span class='ocr_line' id='line_1_5' title="bbox 51 426 1477 477; baseline 0.001 -15"><span class='ocrx_word' id='word_1_25' title='bbox 51 427 318 472; x_wconf 75' lang='lat' dir='ltr'>transversim,</span> <span class='ocrx_word' id='word_1_26' title='bbox 352 433 464 476; x_wconf 70' lang='lat' dir='ltr'>parte</span> <span class='ocrx_word' id='word_1_27' title='bbox 496 426 623 464; x_wconf 81' lang='lat' dir='ltr'>libera</span> <span class='ocrx_word' id='word_1_28' title='bbox 655 426 999 476; x_wconf 76' lang='lat' dir='ltr'>longitudinaliter</span> <span class='ocrx_word' id='word_1_29' title='bbox 1030 427 1230 472; x_wconf 78' lang='lat' dir='ltr'>striatae,“</span> <span class='ocrx_word' id='word_1_30' title='bbox 1268 441 1370 477; x_wconf 84' lang='lat' dir='ltr'>quae</span> <span class='ocrx_word' id='word_1_31' title='bbox 1401 428 1477 477; x_wconf 78' lang='lat' dir='ltr'>sig-</span> 
     </span>
     <span class='ocr_line' id='line_1_6' title="bbox 48 502 1478 554; baseline 0.002 -16"><span class='ocrx_word' id='word_1_32' title='bbox 48 502 222 540; x_wconf 79' lang='lat' dir='ltr'>nificatio</span> <span class='ocrx_word' id='word_1_33' title='bbox 254 502 394 539; x_wconf 81' lang='lat' dir='ltr'>ult-ima</span> <span class='ocrx_word' id='word_1_34' title='bbox 425 515 501 539; x_wconf 89' lang='lat' dir='ltr'>non</span> <span class='ocrx_word' id='word_1_35' title='bbox 536 503 629 540; x_wconf 82' lang='lat' dir='ltr'>satis</span> <span class='ocrx_word' id='word_1_36' title='bbox 653 508 840 540; x_wconf 82' lang='lat' dir='ltr'>accurata</span> <span class='ocrx_word' id='word_1_37' title='bbox 871 509 940 549; x_wconf 84' lang='lat' dir='ltr'>est,</span> <span class='ocrx_word' id='word_1_38' title='bbox 975 510 1017 541; x_wconf 89' lang='lat' dir='ltr'>ut</span> <span class='ocrx_word' id='word_1_39' title='bbox 1048 503 1122 541; x_wconf 87' lang='lat' dir='ltr'>hoe</span> <span class='ocrx_word' id='word_1_40' title='bbox 1155 516 1349 551; x_wconf 84' lang='lat' dir='ltr'>moneam,</span> <span class='ocrx_word' id='word_1_41' title='bbox 1383 504 1478 554; x_wconf 72' lang='lat' dir='ltr'>quia</span> 
     </span>
     <span class='ocr_line' id='line_1_7' title="bbox 48 578 1475 630; baseline 0.001 -14"><span class='ocrx_word' id='word_1_42' title='bbox 48 579 204 616; x_wconf 80' lang='lat' dir='ltr'>canales</span> <span class='ocrx_word' id='word_1_43' title='bbox 236 578 506 628; x_wconf 78' lang='lat' dir='ltr'>significatura</span> <span class='ocrx_word' id='word_1_44' title='bbox 521 585 591 625; x_wconf 85' lang='lat' dir='ltr'>est,</span> <span class='ocrx_word' id='word_1_45' title='bbox 625 592 726 628; x_wconf 83' lang='lat' dir='ltr'>quae</span> <span class='ocrx_word' id='word_1_46' title='bbox 760 579 808 616; x_wconf 82' lang='lat' dir='ltr'>ad</span> <span class='ocrx_word' id='word_1_47' title='bbox 830 580 1050 630; x_wconf 80' lang='lat' dir='ltr'>marginem</span> <span class='ocrx_word' id='word_1_48' title='bbox 1075 585 1298 618; x_wconf 83' lang='lat' dir='ltr'>extremum</span> <span class='ocrx_word' id='word_1_49' title='bbox 1331 582 1475 619; x_wconf 82' lang='lat' dir='ltr'>anteri-</span> 
     </span>
     <span class='ocr_line' id='line_1_8' title="bbox 47 655 1475 708; baseline 0.002 -16"><span class='ocrx_word' id='word_1_50' title='bbox 47 668 155 692; x_wconf 85' lang='lat' dir='ltr'>orem</span> <span class='ocrx_word' id='word_1_51' title='bbox 177 662 388 693; x_wconf 81' lang='lat' dir='ltr'>aecurrunt</span> <span class='ocrx_word' id='word_1_52' title='bbox 403 670 410 703; x_wconf 84' lang='lat'>3</span> <span class='ocrx_word' id='word_1_53' title='bbox 424 669 525 705; x_wconf 84' lang='lat' dir='ltr'>quae</span> <span class='ocrx_word' id='word_1_54' title='bbox 545 655 641 693; x_wconf 84' lang='lat' dir='ltr'>dicit</span> <span class='ocrx_word' id='word_1_55' title='bbox 654 662 815 706; x_wconf 87' lang='lat' dir='ltr'>praeter</span> <span class='ocrx_word' id='word_1_56' title='bbox 835 669 994 706; x_wconf 85' lang='lat' dir='ltr'>genera,</span> <span class='ocrx_word' id='word_1_57' title='bbox 1009 670 1176 707; x_wconf 90' lang='lat' dir='ltr'>quorum</span> <span class='ocrx_word' id='word_1_58' title='bbox 1190 670 1373 708; x_wconf 82' lang='lat' dir='ltr'>squamas</span> <span class='ocrx_word' id='word_1_59' title='bbox 1391 658 1475 708; x_wconf 83' lang='lat' dir='ltr'>ipse</span> 
     </span>
     <span class='ocr_line' id='line_1_9' title="bbox 46 732 1474 784; baseline 0.002 -15"><span class='ocrx_word' id='word_1_60' title='bbox 46 732 265 782; x_wconf 74' lang='lat' dir='ltr'>exploravi,</span> <span class='ocrx_word' id='word_1_61' title='bbox 301 732 419 770; x_wconf 85' lang='lat' dir='ltr'>etiam</span> <span class='ocrx_word' id='word_1_62' title='bbox 453 732 501 770; x_wconf 88' lang='lat' dir='ltr'>de</span> <span class='ocrx_word' id='word_1_63' title='bbox 535 732 746 783; x_wconf 81' lang='lat' dir='ltr'>Spratella,</span> <span class='ocrx_word' id='word_1_64' title='bbox 781 733 1011 781; x_wconf 79' lang='lat' dir='ltr'>Chatoesso,</span> <span class='ocrx_word' id='word_1_65' title='bbox 1056 734 1236 781; x_wconf 86' lang='lat' dir='ltr'>Pellona‚</span> <span class='ocrx_word' id='word_1_66' title='bbox 1280 735 1474 784; x_wconf 82' lang='lat' dir='ltr'>Rogenia.</span> 
     </span>
     <span class='ocr_line' id='line_1_10' title="bbox 45 809 1474 861; baseline 0.001 -15"><span class='ocrx_word' id='word_1_67' title='bbox 45 809 238 859; x_wconf 77' lang='lat' dir='ltr'><strong>Idemque</strong></span> <span class='ocrx_word' id='word_1_68' title='bbox 272 816 410 846; x_wconf 80' lang='lat' dir='ltr'>auctor</span> <span class='ocrx_word' id='word_1_69' title='bbox 450 810 606 860; x_wconf 81' lang='lat' dir='ltr'>saepius</span> <span class='ocrx_word' id='word_1_70' title='bbox 630 810 872 848; x_wconf 80' lang='lat' dir='ltr'>mentionem</span> <span class='ocrx_word' id='word_1_71' title='bbox 902 810 996 848; x_wconf 83' lang='lat' dir='ltr'>fecit</span> <span class='ocrx_word' id='word_1_72' title='bbox 1028 810 1076 848; x_wconf 85' lang='lat' dir='ltr'>de</span> <span class='ocrx_word' id='word_1_73' title='bbox 1123 812 1296 861; x_wconf 83' lang='lat' dir='ltr'><strong>squamis</strong></span> <span class='ocrx_word' id='word_1_74' title='bbox 1329 812 1474 850; x_wconf 82' lang='lat' dir='ltr'>etenoi-</span> 
     </span>
     <span class='ocr_line' id='line_1_11' title="bbox 44 885 1081 938; baseline 0 -16"><span class='ocrx_word' id='word_1_75' title='bbox 44 886 126 923; x_wconf 83' lang='lat' dir='ltr'>deis</span> <span class='ocrx_word' id='word_1_76' title='bbox 159 886 243 923; x_wconf 79' lang='lat' dir='ltr'>sive</span> <span class='ocrx_word' id='word_1_77' title='bbox 287 885 440 932; x_wconf 85' lang='lat' dir='ltr'>ciliatis,</span> <span class='ocrx_word' id='word_1_78' title='bbox 505 899 537 923; x_wconf 87' lang='lat' dir='ltr'>e.</span> <span class='ocrx_word' id='word_1_79' title='bbox 571 900 607 936; x_wconf 85' lang='lat' dir='ltr'>g.</span> <span class='ocrx_word' id='word_1_80' title='bbox 641 886 819 924; x_wconf 84' lang='lat' dir='ltr'>Alausae</span> <span class='ocrx_word' id='word_1_81' title='bbox 851 886 1081 938; x_wconf 80' lang='lat' dir='ltr'>ctenolepis.</span> 
     </span>
    </p>

    <p class='ocr_par' dir='ltr' id='par_1_3' title="bbox 45 957 1474 1245">
     <span class='ocr_line' id='line_1_12' title="bbox 163 957 1474 1012; baseline -0.001 -12"><span class='ocrx_word' id='word_1_82' title='bbox 163 958 219 1004; x_wconf 84' lang='lat' dir='ltr'>De</span> <span class='ocrx_word' id='word_1_83' title='bbox 236 957 541 1004; x_wconf 76' lang='lat' dir='ltr'>Muraenoideis.</span> <span class='ocrx_word' id='word_1_84' title='bbox 591 961 789 1011; x_wconf 83' lang='lat' dir='ltr'>Squamae</span> <span class='ocrx_word' id='word_1_85' title='bbox 807 961 1037 1008; x_wconf 83' lang='lat' dir='ltr'>Muraenae,</span> <span class='ocrx_word' id='word_1_86' title='bbox 1054 975 1151 1012; x_wconf 85' lang='lat' dir='ltr'>quas</span> <span class='ocrx_word' id='word_1_87' title='bbox 1167 975 1217 1000; x_wconf 82' lang='lat' dir='ltr'>ex</span> <span class='ocrx_word' id='word_1_88' title='bbox 1235 963 1309 1001; x_wconf 82' lang='lat' dir='ltr'>hac</span> <span class='ocrx_word' id='word_1_89' title='bbox 1323 963 1474 1000; x_wconf 79' lang='lat' dir='ltr'>familia</span> 
     </span>
     <span class='ocr_line' id='line_1_13' title="bbox 46 1038 1471 1090; baseline 0.001 -14"><span class='ocrx_word' id='word_1_90' title='bbox 46 1040 148 1077; x_wconf 82' lang='lat' dir='ltr'>solas</span> <span class='ocrx_word' id='word_1_91' title='bbox 191 1038 423 1090; x_wconf 79' lang='lat' dir='ltr'>exploravi,</span> <span class='ocrx_word' id='word_1_92' title='bbox 464 1039 596 1076; x_wconf 84' lang='lat' dir='ltr'>radios</span> <span class='ocrx_word' id='word_1_93' title='bbox 634 1053 712 1076; x_wconf 91' lang='lat' dir='ltr'>non</span> <span class='ocrx_word' id='word_1_94' title='bbox 754 1039 968 1089; x_wconf 77' lang='lat' dir='ltr'>praebent3</span> <span class='ocrx_word' id='word_1_95' title='bbox 997 1040 1124 1077; x_wconf 89' lang='lat' dir='ltr'>forma</span> <span class='ocrx_word' id='word_1_96' title='bbox 1153 1045 1244 1077; x_wconf 83' lang='lat' dir='ltr'>sunt</span> <span class='ocrx_word' id='word_1_97' title='bbox 1276 1039 1471 1090; x_wconf 85' lang='lat' dir='ltr'>oblonga,</span> 
     </span>
     <span class='ocr_line' id='line_1_14' title="bbox 46 1116 1474 1167; baseline 0.001 -14"><span class='ocrx_word' id='word_1_98' title='bbox 46 1123 164 1166; x_wconf 86' lang='lat' dir='ltr'>atque</span> <span class='ocrx_word' id='word_1_99' title='bbox 212 1116 400 1166; x_wconf 84' lang='lat' dir='ltr'>impletae</span> <span class='ocrx_word' id='word_1_100' title='bbox 462 1116 575 1154; x_wconf 86' lang='lat' dir='ltr'>lineis</span> <span class='ocrx_word' id='word_1_101' title='bbox 629 1116 889 1154; x_wconf 76' lang='lat' dir='ltr'>eoneentricis</span> <span class='ocrx_word' id='word_1_102' title='bbox 937 1116 1054 1167; x_wconf 85' lang='lat' dir='ltr'>plene</span> <span class='ocrx_word' id='word_1_103' title='bbox 1094 1117 1248 1164; x_wconf 78' lang='lat' dir='ltr'>clausis,</span> <span class='ocrx_word' id='word_1_104' title='bbox 1307 1130 1474 1167; x_wconf 85' lang='lat' dir='ltr'>quarum</span> 
     </span>
     <span class='ocr_line' id='line_1_15' title="bbox 45 1194 1472 1245; baseline 0.002 -15"><span class='ocrx_word' id='word_1_105' title='bbox 45 1207 224 1243; x_wconf 84' lang='lat' dir='ltr'>quaeque</span> <span class='ocrx_word' id='word_1_106' title='bbox 257 1207 307 1231; x_wconf 87' lang='lat' dir='ltr'>ex</span> <span class='ocrx_word' id='word_1_107' title='bbox 339 1194 474 1244; x_wconf 85' lang='lat' dir='ltr'>figuris</span> <span class='ocrx_word' id='word_1_108' title='bbox 506 1200 661 1232; x_wconf 83' lang='lat' dir='ltr'>constat</span> <span class='ocrx_word' id='word_1_109' title='bbox 693 1194 889 1245; x_wconf 80' lang='lat' dir='ltr'>elliptieis‚</span> <span class='ocrx_word' id='word_1_110' title='bbox 933 1207 1034 1244; x_wconf 83' lang='lat' dir='ltr'>quae</span> <span class='ocrx_word' id='word_1_111' title='bbox 1067 1195 1106 1232; x_wconf 88' lang='lat' dir='ltr'>in</span> <span class='ocrx_word' id='word_1_112' title='bbox 1139 1195 1299 1233; x_wconf 90' lang='lat' dir='ltr'>modum</span> <span class='ocrx_word' id='word_1_113' title='bbox 1331 1196 1472 1234; x_wconf 80' lang='lat' dir='ltr'>rosarii</span> 
     </span>
    </p>
   </div>
   <div class='ocr_carea' id='block_1_3' title="bbox 44 1271 347 1322">
    <p class='ocr_par' dir='ltr' id='par_1_4' title="bbox 44 1271 347 1322">
     <span class='ocr_line' id='line_1_16' title="bbox 44 1271 347 1322; baseline 0 -15"><span class='ocrx_word' id='word_1_114' title='bbox 44 1271 347 1322; x_wconf 78' lang='lat' dir='ltr'>coniunguntur.</span> 
     </span>
    </p>
   </div>
  </div>
 </body>
</html>
