1629 3015
665 59 959 99 ,31-

92 190 277 226 squamae
311 176 480 227 spatium
501 183 697 226 occupant
715 189 892 226 parvum,
926 188 1045 224 quum
1078 174 1154 211 duo
1190 180 1352 220 tantum,
1388 175 1514 211 rarius

96 255 182 299 tria,
218 262 400 304 (externe
443 266 537 291 vero
572 253 800 303 saepissime
833 265 951 289 unum
986 251 1155 300 tant-um)
1190 251 1423 300 corpuscula
1458 252 1519 288 vel

95 332 233 369 ‹lt-ntes
268 332 304 367 in
338 331 439 368 serie
472 338 562 368 sunt
594 337 831 368 transversa.

215 412 395 449 Auctore
428 411 624 448 Bleekero
659 410 913 448 Acanthurus
947 410 1164 456 celcbicus,
1198 409 1420 455 lineolatus,
1456 410 1521 447 hu-

99 488 270 533 meralis,
303 488 514 538 strigosus,
548 501 730 538 squamas
763 487 911 524 habent
943 486 1181 533 ctenoideas,
1215 486 1283 524 sed
1316 486 1364 524 de
1398 499 1522 523 arma—

93 571 182 602 tura
214 564 402 614 marginis
433 565 665 614 posterioris
710 564 815 601 idem
847 563 943 600 nihil
975 563 1072 601 certi
1106 563 1218 609 dicitg
1254 563 1373 600 etiam
1406 562 1517 600 Prio-

95 642 255 679 dontem
282 641 514 692 anginosum
548 641 707 679 easdem
740 640 889 679 habere
922 653 1105 690 squamas
1140 639 1367 677 ctenoideas
1401 643 1520 688 atque

94 719 377 757 Acanthurum
419 719 663 757 humeralem
699 725 857 764 narrat;
891 729 1078 767 namque:
1125 717 1334 766 „squamis
1367 715 1508 766 inquit,

95 798 240 847 parvis,
275 796 439 846 spinulis
472 796 633 834 minime
667 797 854 834 scabris-‚⁴⁴

228 874 473 912 Auctoribus
529 874 702 912 Cuviero
755 881 794 912 et
847 873 1119 911 Valencienne
1174 871 1316 908 Naseis
1366 883 1523 920 quoque

95 964 284 1002 squamae
334 950 567 989 ctenoideae
609 956 713 996 sunt,
754 956 955 987 armatura
993 961 1071 985 non
1115 947 1208 984 satis
1242 952 1427 984 accurate
1459 946 1522 984 de-

91 1029 252 1079 scripta.

208 1104 250 1142 Si
284 1117 334 1142 ex
367 1103 715 1141 observationibus
734 1102 831 1140 meis
865 1107 985 1151 atque
1019 1100 1133 1138 dictis
1152 1101 1330 1137 virorum
1362 1098 1524 1136 illorum

95 1181 336 1220 concludere
383 1180 480 1220 mihi
512 1180 631 1218 liceat
677 1179 726 1217 de
775 1178 948 1229 squamis
980 1177 1094 1215 huius
1127 1176 1314 1222 familiae,
1347 1175 1520 1213 maxime

90 1259 164 1297 hae
199 1259 303 1296 inter
335 1271 420 1296 sese
439 1257 701 1303 consentiunt,
722 1254 827 1306 quod
842 1255 986 1293 attinet
1003 1254 1052 1292 ad
1084 1254 1264 1300 formam,
1298 1252 1524 1290 lineationis

91 1336 286 1374 rationem
329 1343 368 1373 et
410 1335 632 1373 absentiam
674 1333 894 1379 radiorum,
935 1332 1003 1370 sed
1043 1332 1082 1369 in
1115 1330 1280 1382 singulis
1313 1329 1526 1381 generibus

91 1426 137 1450 eo
170 1412 379 1459 differunt,
414 1411 519 1462 quod
551 1412 589 1449 in
622 1411 697 1449 hoc
729 1410 982 1456 ctenoideae,
1017 1415 1219 1447 armatura
1250 1407 1411 1445 minime
1457 1420 1523 1445 ex—

91 1490 248 1540 plicata,
295 1490 334 1527 in
388 1489 457 1526 illo
507 1488 739 1540 cycloideae
787 1493 890 1525 sunt.
964 1486 1030 1524 Ex
1076 1485 1210 1523 multis
1244 1484 1403 1535 quidem
1438 1483 1527 1521 aliis

92 1568 219 1605 causis
252 1567 344 1604 talis
378 1566 531 1612 divisio,
551 1564 710 1616 qualem
727 1565 896 1615 Agassiz
930 1563 1145 1609 constituit,
1164 1562 1249 1600 fieri
1281 1575 1359 1599 non
1391 1567 1523 1611 potest

93 1646 142 1682 ob
177 1644 281 1683 solas
313 1655 509 1694 squamas.
581 1642 655 1679 Ille
688 1654 783 1679 vero
819 1641 918 1678 hauc
960 1640 1151 1678 familiam
1197 1638 1247 1676 ad
1287 1637 1517 1676 ctenoideos

94 1735 184 1759 suos
217 1722 350 1768 refert,
383 1721 518 1770 itaque
549 1719 878 1770 Amphacanthos
911 1719 1063 1757 secerni
1097 1724 1216 1768 atque
1249 1717 1353 1754 inter
1385 1715 1520 1754 Scom-

98 1799 308 1837 beroideos
331 1797 535 1848 transponi
556 1797 652 1843 vult,
688 1796 794 1847 quod
822 1797 962 1834 horum
983 1794 1166 1846 squamis,
1199 1793 1378 1844 inprimis
1411 1792 1519 1830 Stro-

92 1883 325 1921 mateorum,
358 1887 512 1912 summa
535 1874 586 1910 sit
611 1873 827 1910 similitudo
855 1887 942 1910 cum
976 1872 1074 1918 illis3
1109 1879 1148 1908 zat
1179 1870 1304 1908 multo
1339 1869 1525 1907 differunt

94 1954 142 1990 ab
176 1952 222 1988 iis
257 1950 677 1996 Seomberoideorum,
712 1963 808 2001 quas
848 1950 932 2000 ipsc
967 1949 1193 1999 explomvi,
1228 1961 1300 1985 nec
1357 1946 1451 1984 mihi
1484 1946 1523 1983 in

97 2030 312 2068 stromatei
344 2041 529 2080 squamas
562 2028 763 2079 inquirere
795 2028 916 2066 licuit.
988 2026 1174 2076 Denique
1206 2025 1375 2075 Agassiz
1409 2037 1523 2073 squa-

93 2120 176 2144 mas
218 2105 445 2144 ctenoideas
487 2103 709 2144 Acanthuri
751 2109 790 2141 et
829 2102 952 2141 Nasci
985 2115 1176 2140 summam
1209 2101 1357 2138 habere
1391 2099 1524 2137 simili-

94 2183 271 2222 tudinem
311 2196 400 2221 cum
448 2183 495 2220 iis
539 2181 676 2220 Zancli
724 2180 819 2219 dicit
862 2180 965 2218 inter
999 2177 1326 2228 Squamipenne5‚
1361 2190 1411 2213 ex
1445 2189 1523 2225 qua

94 2260 348 2299 contentione
382 2258 597 2296 similitudo
631 2257 770 2295 saltem
800 2256 994 2306 quaedam
1027 2255 1232 2305 utriusque
1265 2253 1422 2303 generis
1456 2252 1519 2290 de-

96 2338 262 2376 rivanda
293 2343 362 2375 est.

209 2411 486 2458 Assaodssthissl.
520 2410 832 2456 Plflul'ffllectdfl.
882 2412 924 2449 Si
957 2410 1204 2461 Teuthyium
1235 2408 1423 2446 familiam
1458 2407 1530 2444 dis-

98 2494 223 2531 secari
257 2506 333 2530 non
367 2491 585 2529 concedere
618 2490 725 2527 volui
760 2504 805 2527 ea
839 2489 1013 2527 ratione,
1049 2487 1154 2537 quod
1189 2486 1332 2523 ceteris
1367 2486 1532 2535 paribus

98 2571 170 2607 hoc
191 2582 313 2619 genus
343 2582 525 2619 squamas
560 2568 724 2604 haberet
754 2566 993 2611 ctenoideas,
1026 2565 1120 2601 illud
1143 2563 1380 2614 cycloideas,
1414 2575 1532 2612 quum

98 2656 299 2685 armatura
339 2646 635 2684 ctenoidearum
682 2643 867 2681 debiliter
909 2644 957 2680 sit
993 2642 1205 2692 explicata,
1250 2648 1368 2690 atque
1412 2641 1449 2675 in
1485 2653 1529 2676 ca

99 2726 184 2775 ipsa
231 2723 379 2762 familia
425 2723 612 2760 transitus
661 2721 819 2771 quidam
866 2721 949 2758 fieri
999 2719 1183 2757 videatur
1226 2720 1274 2755 ab
1310 2717 1527 2767 cycloideis
