1629 3015
600 56 892 97 „27—

180 176 296 225 Quod
331 176 379 213 ad
421 189 602 225 squamas
645 175 766 224 igitur
801 174 959 218 attinet,
996 172 1201 211 Maenides
1245 172 1394 209 familia
1427 185 1487 209 ac-

53 259 212 291 currata
260 252 530 291 circumscribi
571 265 647 289 non
681 264 796 301 posse
828 250 1038 294 videntur,
1074 249 1179 298 quod
1213 249 1331 286 etiam
1371 248 1487 285 facilc

50 330 308 380 intelligitur,
354 329 386 367 si
421 330 585 379 piscium
631 328 770 365 horum
819 327 1080 371 characteres,
1124 339 1220 376 quos
1263 325 1492 362 describunt

50 406 197 444 Cuvier
241 412 280 444 et
314 406 613 449 Valenciennes,
649 404 890 454 adoptantur
923 403 973 440 ad
1007 403 1163 453 singula
1195 414 1365 452 genera,
1400 414 1487 451 pro-

48 482 174 531 p:·iam
208 496 302 521 vero
335 497 356 521 a
389 481 617 533 Sparoideis
651 489 689 519 et
722 481 949 519 Mulloidcis
987 480 1176 518 familiam
1209 479 1382 529 squamis
1415 478 1488 516 dis-

49 559 210 597 tinctam
244 560 400 598 efficere
433 565 586 597 tantum
619 566 783 610 possunt
815 559 961 597 Maena
993 565 1031 596 ct
1062 559 1223 597 Smaris.

164 632 220 678 De
252 632 498 682 Gobioideis.
564 637 807 674 Auctoribus
854 637 881 673 1.
933 636 1104 674 Manem
1149 642 1188 673 et
1237 633 1485 672 Troseheuo,

46 713 94 750 V.
128 713 177 750 V.
211 714 284 752 Oll.
316 715 458 752 merito
474 714 694 761 Discoboli,
713 727 839 764 neque
874 713 1000 751 minus
1034 713 1313 751 Echeneideae
1348 726 1370 748 a
1402 712 1482 750 Go—

45 790 212 829 bioideis
245 791 411 828 seiuncti
429 805 474 829 ac
491 792 662 842 propriis
679 791 838 829 familiis
871 790 1158 841 circumscripti
1191 795 1292 827 sunt.
1321 788 1483 827 Gobioi-

45 867 108 904 ‹lei
152 867 267 914 enim,
302 868 368 918 qui
399 869 455 905 ita
501 868 760 918 reliquuntur,
805 869 878 905 nisi
927 874 1015 905 sunt
1063 869 1146 905 sine
1192 867 1376 917 squamis,
1425 866 1481 903 uti

42 957 190 993 genera
214 945 554 996 Calliouymorum
592 953 629 984 et
659 945 1012 997 Comephororum,
1046 945 1218 995 squamis
1252 945 1356 994 quod
1379 957 1479 981 mar-

43 1035 93 1070 go
135 1022 352 1060 terminalis
393 1023 552 1073 proprie
588 1029 761 1061 armatus
811 1030 890 1069 est,
926 1024 1023 1061 miro
1068 1023 1185 1060 modo
1246 1036 1268 1059 a
1316 1021 1475 1059 familiis

43 1100 118 1137 iam
137 1099 354 1151 descriptis,
382 1101 524 1151 quibus
549 1108 639 1138 sunt-
664 1115 851 1152 squamae
877 1102 1120 1148 ctenoideae,
1147 1101 1264 1138 valde
1283 1099 1478 1138 differunt·

42 1178 150 1216 Nota
177 1191 283 1224 vero,
315 1192 392 1229 qua
424 1186 628 1230 praestant
662 1193 849 1229 squamae
889 1179 1205 1217 Gobioideorum
1231 1179 1277 1215 iis
1311 1178 1477 1215 aliarum

44 1255 201 1293 omnino
228 1256 466 1294 familiarum
483 1286 490 1302 ,
510 1257 607 1295 haec
626 1264 685 1295 est
702 1287 709 1303 ,
726 1257 830 1307 quod
849 1270 986 1307 margo
1010 1257 1238 1302 terminalis,
1258 1256 1470 1294 deficienti-

42 1333 114 1370 bus
148 1334 402 1384 corpusculis,
437 1334 620 1372 dentibus
650 1335 917 1385 singularibus
936 1335 1161 1373 uniseriatis
1194 1340 1367 1372 armatus
1401 1319 1469 1372 cst.

42 1411 175 1460 itaque
214 1423 306 1460 pars
353 1424 541 1461 squamae
582 1413 779 1462 posterior
818 1412 1162 1463 longituclinaliter
1205 1412 1253 1449 ad
1292 1411 1463 1461 spatium

43 1487 362 1536 angustissimum
396 1488 558 1525 redacta
591 1494 671 1534 est3
705 1489 818 1526 iuxta
851 1489 1069 1537 marginem
1107 1489 1222 1525 huius
1255 1488 1379 1537 partis
1412 1493 1471 1524 est

42 1571 221 1602 centrum
255 1578 373 1614 saepe
398 1566 582 1603 distincte
600 1567 852 1616 conspicuum
888 1567 999 1604 lineis
1032 1566 1292 1605 concentricis
1310 1565 1471 1603 clausis:

43 1654 143 1690 quae
177 1654 272 1679 vero
306 1642 433 1680 lineae
467 1650 583 1681 extra
615 1650 794 1681 centrum
829 1645 969 1689 iacent,
1002 1657 1079 1681 non
1113 1645 1269 1681 clausae
1300 1644 1339 1680 in
1373 1655 1474 1680 mar-

43 1719 134 1767 gine
167 1719 388 1769 posteriore
421 1720 619 1765 finiuntur,
653 1719 702 1756 ad
736 1733 852 1769 quem
887 1726 1108 1757 accurrunt.
1148 1720 1246 1757 Pars
1292 1719 1473 1757 basilaris

44 1797 276 1847 plerumque
321 1797 632 1848 explicatissima
674 1804 743 1845 est,
779 1805 897 1848 atque
931 1798 1058 1834 divisa
1091 1798 1128 1834 in
1172 1803 1303 1847 partes
1337 1797 1474 1834 decem

42 1887 165 1923 usquc
199 1874 249 1911 acl
283 1874 423 1925 viginti
459 1882 622 1924 septem,
659 1888 826 1924 quarum
857 1875 957 1913 radii
992 1876 1072 1912 fere
1111 1876 1223 1913 iuxta
1256 1876 1475 1925 marginem

43 1950 292 1987 terminalem
326 1951 520 1997 oriuntur3
553 1951 691 1989 dentes
724 1952 952 2002 longissimi,
998 1952 1177 2000 graciles,
1219 1952 1345 1999 acuti,
1378 1965 1480 1989 nunc

49 2040 182 2065 omnes
216 2028 392 2066 eiusdem
425 2028 695 2080 longitudinisx,
724 2036 765 2067 ut
798 2030 837 2067 in
853 2031 1026 2080 squamis
1055 2031 1250 2069 Gobionis
1269 2031 1476 2069 batracho-

45 2105 219 2155 cephali,
255 2119 355 2143 nunc
389 2119 435 2144 eo
468 2107 593 2156 magis
637 2113 745 2151 sunt,
781 2121 857 2157 quo
897 2109 1022 2157 magis
1056 2108 1101 2144 ad
1138 2113 1345 2146 externam
1389 2121 1476 2157 par-

46 2192 123 2219 tem
157 2189 327 2232 vergunt
361 2196 393 2220 e.
427 2197 462 2231 g.
496 2184 535 2220 in
569 2183 753 2222 Gobione
787 2184 1085 2221 melanostomo.

165 2259 396 2298 Adnotatio.
468 2261 675 2307 Agassizio
711 2268 872 2299 auctore
905 2274 1026 2309 genus
1062 2261 1476 2311 Periophthalmorum

48 2341 212 2385 propter
244 2351 425 2386 squamas
459 2337 683 2387 cycloidcas
714 2338 775 2374 hic
809 2352 883 2373 non
918 2339 1101 2386 pertinet.

174 2414 281 2451 lntcr
319 2416 597 2453 Blcnnioirlcos
618 2416 967 2467 'l'ryptcrygioncs
1001 2417 1158 2455 casdem
1194 2418 1339 2455 liabent
1365 2430 1476 2467 squa-

46 2505 138 2531 mas,
173 2499 214 2529 ut
265 2493 480 2532 (iobiones.
515 2493 699 2531 Eleotros
742 2501 825 2531 etc:
861 2495 992 2543 itaque
1040 2495 1075 2531 id
1110 2509 1232 2539 uenus
1265 2496 1366 2532 inter
1400 2495 1478 2531 (ἦν

48 2568 225 2605 bioicleos
244 2571 372 2617 potius·
393 2584 507 2620 quam
538 2571 640 2608 inter
660 2571 938 2609 Blcnuioidcos
958 2586 1049 2608 vcro
1069 2582 1306 2621 squamatos,
1338 2573 1479 2622 quibus

46 2660 234 2695 squamae
269 2648 338 2683 <int
375 2648 627 2696 cycloidcac.
663 2649 944 2686 numerandum
982 2663 1064 2687 esst·
1100 2657 1205 2699 puto.

163 2723 217 2767 De
263 2722 537 2768 Echeneideis.
605 2730 716 2773 Quae
767 2727 925 2770 familia,
984 2741 1098 2764 unum
1153 2734 1300 2764 faulum
1349 2740 1471 2773 genua
