1629 3015
712 100 974 140 “3-a

134 218 421 269 repudiandum
457 223 525 263 est,
560 218 589 253 si
609 230 807 266 supponas
841 218 875 253 ei
910 217 1248 265 significationem,
1284 230 1399 266 quam
1433 217 1555 253 voluit

129 297 206 340 ille,
241 310 318 345 qua
350 307 444 331 vero
480 295 526 331 (le
561 307 677 331 causa
711 295 810 330 iufra
847 294 984 330 (licam.

256 371 452 421 Equidem
485 370 617 407 radios
651 383 716 406 eos
751 371 960 419 appellabo
996 370 1058 406 vel
1102 370 1229 406 sulcos
1263 369 1476 419 respiciens
1510 368 1557 403 ad

132 450 256 486 solam
296 449 463 486 formam
523 454 640 496 atque
686 447 956 492 directionem,
998 447 1198 483 functione
1240 446 1438 482 radiorum
1488 457 1558 493 per

123 526 224 563 hanc
256 524 582 574 significationem
615 523 775 560 minime
805 523 989 559 indicata.

244 601 290 638 In
331 601 509 650 margine
552 601 772 649 posteriore
820 613 1007 649 squamae
1042 600 1105 635 vel
1147 599 1388 649 corpusculis
1433 599 1556 633 acutis

128 661 303 717 armatae
337 684 436 723 sunt,
470 677 532 713 vel
567 690 667 713 non:
716 677 801 714 illas
848 677 999 714 ciliatas
1042 683 1109 713 aut
1153 676 1343 721 dentatas,
1377 674 1440 711 vel
1480 687 1556 710 uno

125 757 284 794 nomine
317 755 546 792 ctenoideas
581 755 836 805 appellamus,
869 755 948 799 has,
970 755 1125 803 *quibus
1159 760 1218 790 est
1251 765 1387 801 margo
1421 752 1552 788 termi-

122 834 223 871 nalis
257 833 392 878 laevis,
427 831 663 882 cycloideaS.

241 909 298 948 Ut
328 922 470 946 nomen
489 914 639 946 certum
670 908 801 944 indam
818 907 984 944 diversis
1017 920 1204 957 squamae
1236 907 1427 956 partibus,
1464 919 1552 955 par-

123 993 203 1024 tem
235 986 576 1029 flabelliformem,
613 997 712 1034 quae
745 983 863 1020 radiis
898 984 1087 1020 extremis
1121 990 1158 1019 et
1191 983 1368 1031 margine
1412 983 1552 1018 anteri<

122 1075 189 1100 ore
234 1061 459 1105 includitur,
509 1068 663 1110 partem
714 1060 925 1096 basilarem
972 1059 1033 1095 vel
1074 1058 1275 1095 flabellum
1318 1057 1555 1108 appellabo,

120 1140 321 1189 trigonum
354 1150 450 1174 vero
484 1137 662 1187 margine
695 1136 916 1186 posteriore
952 1136 1205 1173 terminatum
1238 1141 1392 1184 partem
1426 1136 1556 1171 termi-

125 1215 266 1261 nalem,
286 1220 401 1252 extra
420 1227 515 1264 quas
533 1219 665 1264 partes
697 1213 884 1250 laterales
911 1213 1047 1261 jacent
1077 1213 1255 1261 margine
1297 1210 1453 1248 laterali
1486 1211 1557 1247 cir-

124 1292 398 1340 cumscriptae.
462 1290 731 1328 Lineamentis
764 1290 896 1339 igitur,
931 1296 1118 1339 quantum
1153 1302 1250 1338 opus
1282 1301 1365 1326 esse
1407 1288 1555 1325 videbi-

121 1374 195 1411 tur,
230 1367 485 1412 adumbratis,
518 1373 650 1416 partes
683 1366 856 1415 singulas
890 1366 1110 1403 accuratius
1144 1365 1394 1402 considerare
1426 1364 1555 1401 liceat.

659 1539 905 1609 Caput
946 1539 1006 1592 Ι.

340 1648 416 1687 DE
450 1647 760 1687 ANATOMIA
794 1648 1026 1696 SQAMAE
1061 1647 1334 1684 SPECIALI.

237 1772 404 1821 Agassiz
448 1772 597 1822 primus
642 1774 814 1810 omnium
858 1778 1038 1811 naturam
1073 1785 1322 1822 squamarum
1358 1778 1540 1808 accurate

115 1848 321 1898 inquisivit
354 1861 567 1899 earumque
586 1848 816 1887 diversitate
843 1863 934 1886 usus
967 1856 1025 1886 est
1058 1849 1106 1886 ad
1139 1847 1431 1886 distribuendos
1464 1849 1537 1898 pis—

120 1937 207 1972 ces;
250 1925 549 1962 observationes
583 1939 671 1964 suas
703 1926 741 1963 in
775 1926 977 1976 publicum
1011 1925 1135 1964 edidit
1167 1927 1204 1963 in
1237 1926 1339 1963 libro
1372 1925 1537 1962 clarissi-

116 2014 205 2038 mo:
240 2000 513 2047 „Recherches
546 2015 611 2039 sur
642 2002 700 2040 les
731 2003 910 2053 poissons
942 2002 1131 2039 fossiles.“
1185 2002 1257 2040 Cui
1291 2003 1439 2052 primus
1473 2002 1538 2037 ob-

118 2077 274 2115 lucutus
307 2083 366 2114 est
396 2077 554 2123 Mandl,
608 2077 674 2127 qui
721 2078 935 2114 sententias
969 2090 1057 2114 suas
1091 2076 1215 2113 edidit
1246 2077 1285 2113 111
1319 2082 1430 2127 parte
1465 2076 1537 2111 5111-

112 2152 240 2201 gulari
272 2152 364 2189 libri
397 2153 476 2189 sui:
526 2153 763 2198 „Anatomie
807 2153 1159 2203 microscopique.“
1237 2153 1446 2191 Postremo
1489 2165 1538 2189 ex

112 2228 457 2266 observationibus
488 2229 657 2266 Petersii
701 2230 787 2279 (cfr.
825 2229 1002 2267 Miiller's
1034 2229 1186 2267 Archiv
1220 2231 1343 2275 1841,
1378 2230 1538 2267 Bericht

110 2318 186 2340 von
218 2304 423 2354 Reichert)
458 2310 607 2341 certum
641 2305 732 2354 quid
774 2306 956 2342 effectum
990 2311 1071 2351 est,
1106 2306 1210 2354 quod
1242 2306 1383 2354 partim
1410 2305 1520 2353 Agas

109 2380 215 2425 sizii,
249 2380 392 2429 partim
442 2380 624 2426 Mandlii,
669 2382 813 2430 partim
856 2383 1031 2418 neutrius
1069 2383 1288 2418 sententiae
1333 2389 1533 2419 consonat.

110 2456 199 2503 Qua
230 2457 316 2505 ipsa
350 2456 581 2493 diversitate
616 2457 763 2506 optime
795 2456 1098 2504 demonstratur,
1120 2471 1234 2507 quam
1269 2458 1434 2495 difficilis
1468 2459 1532 2496 vel

111 2532 358 2570 observatori
391 2532 630 2581 peritissimo
664 2533 714 2569 sit
744 2534 973 2583 inquisitio,
1002 2547 1130 2584 neque
1163 2535 1302 2571 mirum
1338 2542 1407 2580 est,
1436 2536 1530 2572 meis

109 2607 452 2644 observationibus
486 2621 568 2644 rem
601 2622 677 2645 non
710 2610 802 2645 satis
834 2623 948 2658 posse
981 2610 1181 2647 illustrari.

228 2676 275 2719 In
305 2683 350 2718 iis
384 2684 575 2732 squamis,
611 2697 710 2733 quae
744 2691 823 2721 tam
858 2698 1012 2722 crassae
1046 2694 1168 2732 erant,
1205 2694 1244 2722 ut
1280 2693 1370 2736 apte
1405 2694 1526 2722 trans—

109 2760 253 2797 versim
287 2761 487 2809 potuerint
523 2760 721 2803 dissecari,
757 2774 911 2810 semper
945 2761 1038 2798 duas
1073 2763 1261 2811 conspexi
1295 2769 1425 2811 partes
1459 2775 1526 2798 seu
