1629 3015
626 72 889 114 -7.„

50 192 173 228 ratius
218 193 365 241 possint
408 191 607 240 distingui,
651 198 769 242 atque
815 205 861 229 ea
905 193 1150 242 potissimum
1200 206 1328 240 causa,
1382 193 1487 243 quod

56 269 236 313 familias,
272 281 371 318 quae
406 281 514 305 more
548 268 674 305 adhue
708 268 853 306 usitato
900 269 1071 306 maxime
1117 270 1220 309 inter
1260 283 1301 308 se
1345 270 1488 308 discre-

56 353 161 395 pant,
197 347 314 383 etiam
366 345 580 383 secundum
625 359 808 396 squamas
846 359 929 384 esse
976 346 1152 385 diversas
1193 360 1488 398 cognoscamus,

49 430 166 472 atque
200 424 237 459 in
273 422 384 467 alliis,
419 423 455 459 in
490 422 629 473 quibus
664 422 873 461 diversitas
908 423 1036 462 adhue
1081 424 1253 463 nondum
1285 425 1381 463 satis
1426 426 1486 462 fir—

50 508 155 537 mata
197 508 264 545 est,
310 501 428 537 etiam
473 513 655 549 squamas
702 501 828 549 magis
861 501 936 539 sibi
981 503 1083 540 inter
1116 516 1158 540 se
1191 516 1276 540 esse
1325 503 1484 540 similes.

51 578 199 627 Magno
233 590 396 614 numero
429 577 758 627 disquisitionum‚
795 592 891 629 quas
935 580 1019 630 ipse
1051 580 1215 627 institui,
1255 581 1388 628 fultus,
1423 581 1486 619 de-

55 661 274 692 monstrare
316 654 410 691 mihi
458 656 658 705 proposui,
706 655 980 695 diversitatem
1019 670 1284 708 squamarum,
1334 658 1366 695 si
1409 671 1486 695 non

58 730 105 768 ad
140 745 286 777 omnes,
323 738 495 768 attamen
530 731 578 768 ad
611 733 754 770 multas
796 733 964 771 familias
1005 732 1305 784 distinguendas
1352 741 1486 786 aptam

57 820 153 845 esse.
226 810 354 856 Quem
389 808 437 845 ad
487 808 601 845 finem
644 816 733 847 ante
767 811 897 847 omnia
948 811 1189 848 anatomiam
1231 824 1485 861 squamarum

52 885 276 935 explicabo,
311 884 441 934 quoad
475 898 572 935 opus
607 899 691 923 esse
726 886 894 924 videtur.

177 961 218 1001 Si
252 975 435 1012 squamas
469 962 634 1000 intueris
665 963 970 1001 Teleosteorum
1001 977 1075 1014 ope
1119 963 1382 1015 microscopii,
1414 978 1495 1002 ma·

51 1053 170 1089 gnum
213 1039 405 1077 linearum
451 1040 790 1078 concentricarum
830 1053 1036 1078 numerum
1083 1041 1274 1087 invenies,
1325 1054 1492 1091 quarum

52 1117 263 1154 interiores
295 1116 530 1167 plerumque
564 1117 722 1155 clausae
755 1116 1071 1163 sunt,interdum
1105 1118 1224 1156 etiam
1258 1118 1490 1164 exteriores,

56 1193 112 1229 ita
144 1198 186 1230 ut
219 1205 354 1230 omnes
388 1194 594 1231 circuitum
635 1207 824 1244 squamae
865 1195 1216 1241 eircumseribant3
1262 1195 1491 1246 saepissime

60 1276 277 1307 excurrunt
309 1270 529 1307 exteriores
555 1270 642 1320 plus
675 1271 856 1308 minusve
889 1271 1275 1321 perpendiculariter
1307 1270 1356 1309 ad
1389 1284 1489 1308 mar-

56 1348 187 1395 ginem
232 1347 505 1397 posteriorem,
541 1349 633 1397 quin
669 1348 788 1385 etiam
828 1348 867 1386 in
909 1349 1068 1386 familiis
1109 1348 1422 1400 Sparoideorum
1456 1355 1494 1386 et

56 1424 391 1475 (Blupeoideorum
425 1424 511 1475 plus
545 1426 724 1462 minusve
770 1434 988 1464 excurrunt
1027 1426 1411 1478 perpendiculariter
1444 1427 1493 1463 ad

55 1501 253 1549 margines
286 1500 483 1538 laterales.
549 1502 610 1538 Ea
642 1515 744 1552 pars,
776 1503 814 1539 in
849 1516 927 1553 qua
959 1503 1088 1541 lineae
1109 1504 1273 1542 intimae
1300 1510 1495 1555 apparent

56 1579 126 1615 sub
161 1579 287 1615 forma
328 1590 537 1615 curvarum
581 1578 815 1625 clausarum,
861 1593 883 1616 a
922 1579 1100 1617 Mandlio
1145 1580 1255 1618 focus
1310 1592 1500 1630 squamae

62 1656 296 1706 appellatur,
331 1655 435 1706 quod
469 1669 611 1693 nomen
647 1657 681 1693 ei
715 1657 819 1707 parti
865 1657 1025 1694 minime
1059 1663 1196 1708 aptum
1240 1663 1309 1704 est,
1343 1657 1374 1694 si
1409 1669 1496 1707 sup-

57 1747 179 1783 ponas
213 1733 248 1770 ei
292 1733 645 1783 significationem,
687 1747 806 1784 quam
852 1733 978 1771 voluit
1022 1734 1100 1780 ille,
1141 1734 1251 1772 euius
1297 1735 1496 1772 sententia

67 1810 114 1847 de
147 1810 220 1847 hac
259 1815 372 1860 parte
418 1822 586 1847 erronea
624 1815 720 1856 erat,
773 1810 879 1861 quod
927 1810 1029 1848 infra
1073 1810 1242 1862 amplius
1287 1822 1497 1861 exponam.

66 1887 177 1924 Haec
201 1900 291 1936 pars
325 1893 383 1923 est
415 1886 588 1924 medium
604 1899 805 1936 squamae,
825 1887 898 1924 etsi
931 1887 1088 1937 saepius
1122 1900 1209 1924 eum
1242 1886 1373 1924 medio
1407 1899 1498 1937 geo-

65 1963 227 1999 metrico
263 1975 339 1998 non
373 1962 567 2012 congruit,
601 1975 718 2012 quarn
752 1963 803 2000 ob
837 1976 919 2000 rem
962 1969 1141 2001 centrum
1180 1975 1370 2014 squamae
1411 1976 1498 2002 eam

67 2038 305 2088 appellabo,
340 2039 574 2088 plerumque
611 2045 789 2089 praestat
822 2052 879 2085 eo,
907 2039 1012 2089 quod
1044 2039 1110 2076 vel
1137 2040 1295 2077 omnino
1327 2052 1404 2076 non
1437 2038 1501 2076 ad-

66 2123 154 2152 sunt
186 2115 327 2161 lineae,
361 2115 425 2152 vel
459 2115 652 2166 diruptae,
686 2116 734 2153 de
767 2129 844 2166 quo
877 2116 992 2166 plura
1025 2122 1175 2166 postea.

187 2192 276 2240 Quo
311 2205 360 2229 ex
394 2200 530 2230 centro
558 2193 794 2244 plerumque
827 2193 1006 2230 excurrit
1023 2192 1062 2230 in
1096 2193 1316 2242 marginem
1352 2192 1504 2229 anteri-

71 2283 191 2316 orem,
226 2269 289 2307 vel
323 2270 361 2306 in
396 2270 669 2319 posteriorem,
699 2269 763 2307 vel
803 2270 841 2307 in
882 2276 1094 2319 utrumque
1138 2268 1264 2315 simul,
1297 2268 1424 2306 rarius
1464 2269 1503 2305 in

70 2360 204 2384 omnes
246 2353 378 2396 partes
410 2347 536 2384 maior
575 2346 755 2383 minorve
799 2358 984 2383 numerus
1026 2345 1220 2382 linearum
1268 2345 1503 2395 plerumque

70 2422 237 2460 latarum
273 2431 310 2460 et
342 2436 573 2467 crassarum,
614 2423 677 2459 vel
709 2422 927 2473 spatiorum
969 2428 1239 2472 angustorum,
1273 2434 1503 2466 vacuorum,

73 2500 184 2537 lineis
215 2513 292 2537 non
326 2499 588 2546 absimilium3
638 2499 850 2550 divergunt
898 2495 994 2550 plus'
1031 2499 1210 2536 minusve
1266 2499 1305 2536 in
1338 2498 1504 2536 formam

73 2576 295 2620 radiorum;
329 2578 462 2626 itaque
496 2583 647 2626 partem
665 2590 852 2626 squamae
882 2577 1132 2621 anteriorem,
1153 2577 1191 2612 in
1226 2589 1302 2625 qua
1334 2576 1503 2626 plerum-

76 2666 149 2702 que
184 2653 221 2688 hi
256 2660 366 2700 sunt,
418 2654 535 2690 etiam
572 2653 772 2690 flabellum
810 2653 1036 2702 appellant,
1080 2653 1214 2689 Mandl
1249 2652 1406 2689 canales
1439 2665 1504 2688 cos

76 2731 167 2767 dicit
213 2731 273 2767 vel
321 2731 446 2767 sulcos
490 2744 672 2767 Ι’(Ὶιιιῑιιικ.
714 2730 888 2781 sillons);
932 2743 1072 2765 nomen
1125 2730 1318 2766 canalium
1374 2738 1504 2765 autem
