1629 3015
650 59 936 98 „11—

75 184 127 232 pii
163 181 351 231 simplicis
401 179 513 217 nobis
547 179 786 228 persuadere
820 177 1025 228 possimus,
1061 190 1197 214 verum
1230 176 1304 213 hoc
1337 188 1446 223 esse,
1479 175 1509 212 si

77 260 324 310 superficiem
359 264 539 295 secturae
581 270 631 294 ex
673 255 883 293 latitudine
923 254 1028 291 eirca
1068 254 1272 303 regionem
1306 252 1509 291 radiorum

76 334 369 385 contemplaris,
403 346 435 371 e.
456 347 492 383 g.
526 345 779 383 squamarum
813 329 1122 382 Chrysophryos
1149 330 1321 380 vaguris‚
1347 329 1387 367 in
1420 329 1508 368 loco

75 411 276 449 radiorum
308 415 463 460 partem
496 407 744 458 superiorem
777 407 914 446 deesse
947 406 1157 457 perspicue
1188 404 1379 443 videmus.
1426 406 1504 444 Ita-

78 500 154 537 que
204 487 275 524 hos
322 486 455 524 radios
502 485 631 523 sulcos
676 497 762 523 esse
804 483 1058 523 iudicandum
1094 489 1164 530 est,
1199 496 1277 534 qua
1311 483 1360 522 de
1392 497 1511 522 causa

77 566 244 615 Agassiz
297 565 481 611 „sillons“
519 577 586 602 eos
619 564 817 611 nominat3
862 564 1021 601 omnino
1054 577 1150 602 vero
1193 563 1303 609 falsa,
1335 575 1409 600 nec
1442 561 1509 599 ob-

76 641 369 679 servationibus
417 642 511 679 satis
559 641 711 679 munita
755 653 803 678 ea
849 646 957 686 sunt,
992 653 1093 690 quae
1126 639 1265 677 Mandl
1304 638 1353 676 de
1400 645 1510 677 natu-

84 731 129 755 ra
161 725 280 768 atque
326 718 479 767 origine
519 731 655 755 eorum
698 717 840 755 edidit:
885 717 1018 755 radios
1070 717 1174 755 enim
1222 715 1380 754 canales
1428 729 1512 754 esse

80 803 203 845 putat,
238 795 343 845 quod
374 807 477 832 nunc
524 807 685 845 prorsus
719 794 898 832 occlusos
938 800 977 832 et
1010 794 1163 844 pariete
1195 793 1401 844 superiore
1432 792 1508 829 for-

81 874 234 910 nicatos
268 885 353 910 esse
387 872 503 918 dicit,
550 885 654 910 nunc
702 884 798 909 vero
848 871 986 910 deesse
1019 871 1122 909 hunc
1155 870 1373 921 parietem,
1408 884 1511 908 nunc

79 951 224 999 partim
257 955 411 987 tantum
443 948 600 996 adesse3
619 949 919 987 observationes
953 954 1084 986 autem
1112 961 1202 986 suas
1230 947 1345 999 larga
1377 961 1509 987 exem-

84 1028 240 1078 plorum
273 1034 312 1066 et
342 1027 653 1078 descriptionum
686 1027 803 1077 copia
840 1027 998 1064 firmare
1030 1026 1185 1073 studet,
1217 1025 1359 1077 quibus
1392 1027 1514 1064 omni-

82 1105 154 1142 bus
199 1104 262 1142 hic
308 1105 372 1142 vel
404 1104 497 1151 ille,
543 1111 586 1142 ut
618 1104 786 1142 Mandlii
836 1105 1042 1155 opiniones
1081 1117 1198 1142 veras
1231 1116 1317 1142 esse
1349 1103 1508 1150 iudicet,

81 1181 215 1220 seduci
247 1182 397 1232 possit,
431 1182 667 1232 praesertim
711 1182 742 1219 si
776 1181 877 1220 radii
912 1183 1125 1233 interrupti
1158 1188 1365 1233 apparent,
1398 1188 1441 1219 ut
1472 1181 1510 1218 in

82 1260 255 1310 squamis
274 1259 389 1297 Mulli
422 1259 599 1306 barbati3
633 1272 762 1310 neque
794 1259 911 1297 aliter
942 1259 1043 1298 hanc
1075 1273 1159 1297 rem
1192 1259 1396 1310 explicare
1425 1272 1511 1309 pos-

79 1350 235 1383 sumus,
282 1336 357 1374 nisi
403 1349 454 1374 ex
501 1336 797 1387 irregularitate
831 1337 1004 1387 quadam
1050 1337 1090 1375 in
1123 1337 1257 1375 stratis
1296 1350 1382 1375 sese
1412 1337 1512 1375 inse-

83 1414 294 1464 quentibus
326 1419 366 1451 et
398 1419 512 1463 parte
557 1415 763 1464 superiore
809 1415 1044 1464 interrupta.
1107 1414 1251 1464 Neque
1283 1413 1413 1452 omitti
1446 1413 1510 1452 de-

79 1493 158 1538 bet,
192 1490 297 1542 quod
329 1504 448 1540 saepe
481 1490 582 1528 radii
615 1505 666 1529 ex
699 1498 835 1529 centro
869 1492 1131 1542 procedentes
1162 1492 1511 1542 non'perveniunt

81 1570 127 1606 ad
161 1569 391 1617 marginem,
425 1582 544 1618 porro
578 1569 683 1619 quod
717 1569 857 1606 crebro
900 1569 1033 1607 radius
1074 1570 1287 1608 decurrens
1327 1570 1367 1607 in
1414 1569 1512 1607 duos

80 1648 143 1685 vel
196 1646 420 1697 complures
469 1646 693 1692 diffinditur,
727 1653 765 1684 et
810 1653 1032 1697 postremo,
1067 1646 1172 1696 quod
1206 1646 1336 1696 gibbi,
1371 1647 1514 1696 quibus

80 1726 207 1763 lineae
239 1725 515 1762 concentricae
548 1724 863 1773 progignuntur,
897 1737 1018 1774 saepe
1052 1724 1101 1760 ad
1135 1723 1265 1761 sulcos
1297 1723 1511 1773 pertinent.

85 1803 223 1852 [taque
249 1814 326 1840 una
355 1815 443 1839 cum
464 1802 662 1839 sententia
686 1802 785 1838 falsa
803 1801 971 1838 Mandlii
997 1801 1046 1838 de
1072 1807 1214 1838 natura
1231 1801 1433 1838 radiorum
1467 1815 1514 1839 ea

83 1881 202 1917 etiam
235 1881 469 1925 refutantur,
504 1892 605 1928 quae
639 1879 687 1915 de
721 1879 838 1915 sulcis
872 1878 1087 1923 contendit,
1123 1892 1220 1928 quos
1253 1877 1412 1916 canales
1429 1891 1514 1915 esse

83 1958 188 1997 dicit,
209 1957 274 2006 qui
305 1969 401 1992 vasa
434 1956 662 1992 contineant
694 1955 927 1999 nutrientia;
954 1968 1001 1992 ea
1033 1955 1151 1992 etiam
1186 1954 1234 1991 de
1267 1967 1386 1991 causa
1417 1954 1515 1992 haec

83 2033 301 2071 refellenda
341 2039 448 2079 sunt,
489 2033 594 2083 quod
635 2046 824 2082 squamae
863 2032 1142 2069 nonnullorum
1193 2030 1514 2080 Acanthoptero—

84 2125 169 2148 rum
203 2125 234 2148 e.
270 2125 306 2160 g.
340 2109 647 2160 Myripristidis,
691 2109 927 2147 Holoccntri
962 2115 1053 2153 ete,
1094 2122 1194 2158 quae
1229 2108 1322 2145 alibi
1355 2107 1513 2157 plenam

83 2189 230 2225 babent
264 2187 592 2236 explicationem,
641 2186 734 2231 hos,
778 2200 875 2235 quos
911 2186 995 2222 vult
1029 2185 1185 2230 Mandl,
1237 2185 1394 2222 canales
1436 2197 1510 2220 nou

87 2264 308 2303 ostendunt.

207 2341 321 2388 Quae
353 2340 475 2388 igitur
506 2338 634 2375 adhuc
668 2337 1055 2383 demonstrabantur,
1090 2338 1188 2375 haec
1221 2337 1302 2374 fere
1336 2343 1444 2373 sunt:

207 2416 378 2465 Squama
413 2421 567 2452 constat
600 2428 649 2451 ex
683 2414 835 2451 duabus
868 2414 1066 2464 partibuffi
1112 2414 1238 2452 altera
1269 2426 1389 2463 supra
1421 2413 1515 2450 alte-

89 2507 169 2529 ram
204 2494 434 2538 iacentiblm
470 2507 634 2543 quarum
664 2499 831 2543 utraque
865 2507 914 2529 ex
949 2493 1082 2530 stratis
1115 2491 1254 2529 eodem
1289 2492 1406 2528 modo
1442 2505 1508 2541 po-

89 2571 172 2607 aitis
206 2571 450 2612 efformatum
485 2577 608 2607 strata
643 2571 765 2619 partis
799 2570 996 2607 inferioris
1037 2568 1163 2606 solida
1204 2577 1293 2605 sunt
1332 2568 1512 2605 eandem-

91 2661 165 2696 que
199 2647 346 2684 habent
378 2649 542 2684 formam
579 2661 622 2683 ac,
657 2661 819 2697 squama
854 2648 955 2696 ipsa:
990 2646 1298 2696 stratum.quo‹l
1332 2646 1514 2695 proxime

91 2725 191 2773 parti
226 2725 417 2774 superiori
454 2725 629 2764 adiacet.
683 2732 735 2761 est
782 2724 1036 2761 veterrimum
1083 2724 1254 2760 omnium
1297 2729 1415 2771 atque
1450 2735 1513 2758 an-
