1629 3015
599 103 893 145 -23-

33 221 167 266 bassis,
216 220 289 258 hue
335 221 581 270 pertineant,
637 221 742 271 quod
779 227 896 267 ,certe
942 222 1104 260 dubium
1151 224 1245 262 mihi
1289 224 1454 268 videtur.

33 311 169 339 necne.
989 344 991 347 ¹

150 379 196 416 In
230 384 342 429 parte
375 379 495 416 tertia
527 385 645 429 atque
677 377 815 415 ultima
848 376 1170 426 Percoideorum,
1203 392 1344 430 nempe
1372 381 1453 429 pin-

31 457 88 493 nis
129 456 374 494 ventralibus
406 455 662 506 iugularibu3‚
697 460 786 493 sunt
825 460 985 504 praeter
1017 468 1165 506 genera
1214 456 1453 507 Polynemo-

30 546 116 570 rum
159 538 197 570 et
240 532 475 583 Sillaginum
508 532 680 582 squamis
728 530 958 578 ctenoideis,
991 531 1252 582 Sphyraenae
1284 534 1456 583 squamis

31 609 266 660 cycloideis3
308 608 414 659 quod
454 622 588 659 genus,
623 622 645 646 a
676 608 829 646 Linaeo
872 608 975 646 inter
1013 608 1162 646 Esoces
1194 616 1454 656 numeratum,

32 686 96 724 vel
128 686 195 724 alii
219 686 392 724 familiae
418 685 756 724 adnumerandum
774 691 833 723 est
850 686 901 723 ob
918 685 1086 723 formam
1106 687 1284 736 corporis
1317 694 1353 724 et
1388 689 1455 724 mi-

27 776 110 800 ram
145 763 222 801 oris
264 769 529 809 structuram,
561 762 625 800 vel
666 760 856 812 singulari
894 761 1088 800 familiola
1130 763 1452 802 circumscriben-

29 841 138 888 dum,
175 853 276 890 quae
310 846 369 878 est
393 839 592 890 Agassizii
623 839 833 886 sententia,
868 839 934 889 qui
965 840 1070 877 inter
1084 839 1310 891 cycloideos
1342 855 1454 878 acan-

29 917 318 968 thopterygios‚
346 929 444 967 q-uos
476 916 648 962 vocavit,
682 921 721 954 et
752 915 1373 968 familiamSphyraenoideorum
1398 919 1453 955 in—

25 994 165 1040 duxit,
214 994 254 1032 in
288 1007 366 1044 qua
397 1000 456 1032 est
488 993 615 1032 solum
657 1006 780 1044 genus
820 992 1076 1045 Sphyraena3
1118 994 1224 1045 quod
1257 995 1307 1033 ad
1339 1008 1452 1046 squa⁴

24 1085 107 1110 mas
140 1072 300 1118 attinet,
335 1070 573 1122 Sphyraena
603 1070 737 1109 multis
775 1070 997 1109 rationibus
1030 1070 1154 1110 affinis
1188 1079 1247 1111 est
1293 1073 1450 1112 Urano-

21 1163 141 1201 scopo
176 1156 216 1187 et.
248 1149 464 1187 Trachino.
529 1149 571 1187 Si
604 1147 680 1186 hoc
710 1148 776 1187 vel
806 1147 875 1187 illo
907 1147 1025 1187 modo
1060 1161 1289 1201 separamus
1323 1150 1451 1203 sphy-

22 1237 205 1274 raenam,
238 1226 490 1278 reliquuntur
521 1227 625 1265 inter
657 1225 899 1265 Percoideos
939 1227 1067 1277 pinnis
1100 1227 1348 1266 ventralibus
1384 1229 1450 1267 ab·

22 1304 287 1343 dominalibus
321 1317 468 1354 genera
500 1303 579 1351 illa,
598 1302 842 1354 Polynemus
874 1310 914 1342 et
946 1304 1110 1356 Sillago,
1146 1318 1313 1355 quorum
1337 1320 1450 1357 squa-

25 1395 111 1420 mae
130 1383 228 1420 mire
245 1387 464 1420 consonant
479 1394 567 1420 cum
594 1381 640 1419 iis
658 1380 970 1419 Percoideorum
986 1381 1296 1429 ctenoideorum,
1329 1384 1449 1435 inpri-

23 1460 94 1497 mis
119 1459 372 1509 Apogonum.
408 1458 564 1497 Relicto
581 1458 704 1509 igitur
724 1459 764 1496 in
782 1457 902 1496 dubio
923 1457 1011 1496 loco
1030 1470 1240 1510 generum:
1274 1460 1454 1512 Grystes,

21 1536 228 1587 Rypticus,
260 1535 479 1581 Ambassis,
513 1534 724 1581 Cirrhites,
759 1534 1014 1586 Sphyraena,
1048 1549 1210 1586 genera,
1246 1550 1347 1588 quae
1374 1551 1452 1576 res-

21 1619 117 1661 tant,
149 1612 461 1651 Percoideorum
493 1613 532 1650 in
564 1613 682 1650 hasce
716 1611 943 1651 dividentur
974 1612 1162 1652 familias:

80 1690 112 1727 1.
143 1685 494 1738 Holocenttoidei,
535 1690 709 1739 squamis
750 1689 912 1737 ciliatis,
966 1690 1015 1728 ad
1056 1703 1154 1741 quos
1193 1691 1444 1738 Holocentri,

140 1766 436 1817 Myripristides
469 1772 508 1805 et
538 1766 715 1817 Beryces
762 1766 976 1816 pertinent.

51 1842 106 1881 II.
140 1839 323 1886 Peroidei
382 1839 606 1898 cycloidei‚
666 1843 838 1893 squamis
883 1842 1124 1893 cycloideis‚
1173 1849 1355 1881 constant
1398 1856 1449 1881 ex

145 1919 357 1957 Trachinis
390 1925 429 1957 et
461 1919 744 1969 Uranoscopis.

48 1992 326 2040 HLPeroidei
357 1991 581 2044 ctenoidei,
615 1995 788 2045 squamis
821 1995 1016 2043 dentatis,
1061 1994 1246 2034 dentibus
1286 1995 1448 2033 biseria-

139 2073 189 2111 tis
223 2078 341 2123 atque
373 2072 616 2122 corpusculis
655 2070 957 2111 dentiformibus
989 2072 1278 2120 multiseriatis‚
1313 2079 1447 2111 cetera

146 2149 455 2199 complectentes
488 2162 637 2199 genera
669 2156 708 2187 et
738 2148 942 2188 dividendi
974 2150 1013 2187 in

175 2227 216 2276 α)
250 2225 492 2263 Percoidcos
525 2226 655 2277 pinnis
689 2226 937 2265 ventralibus
969 2225 1287 2264 abdominalibus

168 2304 211 2354 β)
341 2331 356 2349 „
489 2332 504 2349 „
637 2332 653 2349 „
787 2332 802 2349 „
928 2303 1153 2341 thoracicis.

143 2376 199 2423 Do
232 2377 477 2435 Sparoideis.
525 2379 638 2419 Sicut
670 2379 819 2418 familia
850 2379 1158 2431 Sparoideorum
1191 2379 1324 2419 multis
1356 2381 1448 2418 rati·

27 2458 165 2495 onibus
184 2457 307 2495 affinis
325 2464 384 2496 est
402 2457 642 2505 Percoideis‚
675 2457 730 2495 sic
748 2457 867 2496 etiam
896 2458 1079 2509 squamis,
1104 2471 1183 2508 qua
1214 2457 1263 2496 de
1294 2470 1337 2495 re
1368 2457 1447 2495 iam

26 2549 155 2586 supra,
200 2548 319 2586 quum
366 2535 637 2586 disputaretur
678 2534 727 2573 de
773 2535 925 2574 familia
968 2535 1255 2582 antecedente,
1297 2536 1446 2573 mentio

28 2612 221 2663 quaedam
254 2614 359 2651 facta
391 2620 461 2652 est.
525 2613 703 2651 Primum
736 2613 785 2651 ab
818 2613 891 2650 hac
922 2612 1072 2651 familia
1103 2613 1208 2651 intra
1239 2626 1306 2651 eos
1338 2612 1445 2659 fines,

26 2702 123 2739 quos
171 2690 458 2728 constituerunt
495 2690 644 2730 Cuvier
691 2697 731 2728 et
772 2690 1073 2737 Valenciennes‚
1120 2690 1308 2729 abscindo
1338 2690 1445 2727 Mac·

26 2767 136 2805 nidos
164 2774 282 2817 atque
314 2768 528 2818 separatim
546 2767 687 2806 deinde
716 2767 987 2806 considerabo.
1016 2767 1176 2807 Genera
1196 2768 1318 2818 igitur
1349 2766 1446 2817 Spa-
