1629 3015
713 101 976 135 ,0-

141 213 316 250 ordinem
361 220 398 249 et
440 220 602 259 ceteros,
649 215 695 250 (le
739 216 878 264 quibus
922 222 1087 264 egerunt
1129 216 1164 251 in
1215 215 1317 251 libro
1367 215 1568 259 „Histoire

137 290 331 326 naturelle
364 289 431 326 (les
465 291 666 339 poissons“
686 291 878 337 dividunt,
894 291 1126 341 plerumque
1164 292 1335 328 maxime
1369 291 1568 333 fluctuant,

135 367 401 416 transitusque
445 367 751 416 frequentissimi
810 369 1075 414 inveniuntur,
1134 369 1237 417 quod
1285 368 1465 404 videmus
1533 374 1569 402 et

138 443 262 480 multo
297 443 454 493 quidem
481 444 604 493 magis
638 444 675 480 in
695 445 917 493 generibus,
952 445 1005 481 ita
1040 451 1078 481 nt
1114 445 1341 494 saepissime
1379 456 1569 493 perquam

140 519 410 557 difficillimum
443 521 492 557 sit
528 521 766 557 contendere
813 535 889 571 quo
922 522 1119 571 pertineat
1151 522 1210 558 liic
1244 523 1359 570 piscis
1391 521 1454 558 vel
1486 520 1572 566 ille3

136 598 211 647 ipsi
244 610 338 634 vero
381 597 457 634 viri
495 597 710 635 doctissimi
750 597 995 644 dissentiunt,
1040 599 1181 648 quibus
1219 598 1378 635 familiis
1424 609 1571 646 genera

137 674 330 724 quaedam
364 675 573 712 inserenda
605 675 693 720 sint,
727 681 770 712 ut
802 675 1006 712 Maenides
1046 681 1084 711 et
1116 689 1239 724 genus
1270 675 1570 712 Atherinarum.

140 751 493 800 Disquisitionibus
540 751 717 798 Miilleri,
768 765 863 801 quas
922 765 1041 801 supra
1088 751 1284 797 diximus,
1332 751 1570 802 permultum

142 829 401 879 profecimus,
443 841 680 878 quamquam
720 829 755 865 ei
789 841 892 865 novo
932 827 1069 865 ordine
1112 828 1238 878 pisces
1283 828 1321 865 in
1361 828 1429 866 illo
1470 826 1571 864 libro

144 904 322 943 dividere
354 905 393 941 in
439 905 569 941 animo
602 918 679 941 non
724 905 808 941 fuit.
873 905 928 940 At
961 904 1102 941 mirum
1135 910 1194 941 est
1241 905 1410 951 omnino,
1470 904 1572 953 quod

140 988 320 1019 auctores
353 982 444 1019 libri
487 981 587 1028 ilius,
633 982 699 1032 qui
741 981 970 1018 inscribitur
1021 980 1225 1027 „Histoire
1265 980 1460 1018 naturelle
1506 980 1573 1016 des

138 1060 359 1109 poissons“,
403 1058 452 1097 ad
493 1058 735 1096 differentias
775 1061 926 1097 formae
973 1066 1013 1098 et
1055 1058 1279 1097 anatomiae
1322 1070 1573 1108 squamarum

139 1143 220 1174 tam
252 1149 392 1187 parum
412 1136 585 1172 animum
610 1135 872 1183 adverterint,
905 1136 977 1173 etsi
1008 1136 1082 1173 hac
1104 1149 1155 1173 ex
1186 1140 1300 1186 parte
1333 1134 1573 1172 differentias

141 1213 235 1251 satis
267 1218 379 1262 aptas
411 1212 645 1249 invenimus.
688 1211 768 1249 Sed
800 1211 924 1249 multo
957 1212 1082 1261 magis
1115 1210 1337 1248 mirandum
1370 1216 1439 1256 cst,
1465 1209 1569 1260 quod

138 1290 486 1341 ichthyologorum
518 1295 677 1327 nostrae
710 1289 851 1327 aetatis
884 1289 1202 1335 clarissimorum,
1234 1288 1487 1338 Agassizium
1535 1294 1574 1324 et

138 1367 330 1405 Ioannem
362 1365 576 1404 Miillerum
608 1365 708 1412 dico,
741 1366 962 1403 sententiae
993 1366 1072 1403 sint
1103 1365 1408 1411 diversissimae,
1442 1369 1574 1401 utrum

140 1456 189 1480 ex
223 1443 467 1490 differentiis,
487 1456 583 1493 quas
600 1455 788 1492 squamae
807 1442 1027 1489 ostendant,
1060 1441 1234 1480 derivari
1266 1440 1419 1492 possint
1452 1445 1570 1477 notae

140 1520 187 1556 ad
222 1519 519 1569 distinguendas
536 1518 718 1565 familias,
737 1531 872 1557 necne.
936 1519 1016 1556 Hic
1047 1518 1262 1564 contendit,
1287 1530 1568 1567 nonnunquam

143 1597 385 1634 differentias
418 1608 670 1646 squamarum
703 1595 753 1632 ad
785 1608 933 1645 genera
965 1594 1244 1645 distinguenda
1274 1594 1378 1632 intra
1410 1593 1575 1631 eandem

141 1673 330 1710 familiam
363 1672 543 1709 adhiberi
575 1684 713 1721 posse3
748 1684 798 1708 ex
813 1671 940 1709 altera
966 1678 1079 1721 parte
1098 1671 1267 1720 Agassiz
1286 1684 1332 1708 eo
1365 1670 1572 1721 processit,

141 1755 184 1785 ut
216 1754 340 1786 totam
373 1748 538 1798 piscium
571 1747 735 1785 classem
768 1760 819 1785 ex
851 1753 1050 1786 structura
1078 1754 1197 1798 atque
1228 1747 1367 1785 habitu
1398 1760 1576 1798 squama-

142 1837 227 1862 rum
261 1825 299 1862 in
331 1823 489 1861 ordines
531 1823 739 1861 divideret.
804 1823 894 1872 Qua
924 1824 962 1862 in
1007 1837 1050 1861 re
1083 1830 1252 1874 uterque
1297 1824 1411 1861 nimis
1458 1824 1575 1874 longe

142 1900 248 1938 ultra
279 1900 375 1938 fines
408 1900 554 1938 exiisse
585 1900 681 1937 mihi
712 1900 882 1938 videtur.

262 1977 384 2016 Modo
424 1977 504 2024 illo,
539 1991 615 2027 quo
656 1977 823 2027 Agassiz
857 1991 907 2016 ex
947 1991 1199 2030 squamarum
1244 1978 1474 2016 differentiis
1514 1992 1572 2016 or-

148 2054 258 2092 dines
307 2054 524 2104 distinguit,
563 2068 641 2091 non
685 2054 912 2101 secluditur,
959 2055 1166 2104 quominus
1224 2055 1470 2093 differentiae
1523 2055 1572 2093 ad

150 2131 449 2181 distinguendas
490 2131 659 2169 familias
692 2132 955 2169 inveniantur.
1019 2132 1128 2169 Fieri
1161 2132 1319 2183 quidem
1350 2138 1496 2183 potest,
1530 2140 1573 2170 ut

145 2207 342 2246 sententia
371 2207 450 2254 illa,
484 2219 562 2257 qua
603 2221 785 2258 squamas
833 2213 947 2246 notas
992 2214 1121 2246 certas
1164 2208 1411 2248 distinctivas
1450 2210 1572 2246 totius

146 2285 280 2323 classis
312 2286 478 2335 piscium
505 2286 700 2335 praebere
731 2286 942 2336 profertur,
977 2287 1134 2324 omnino
1160 2286 1422 2325 demonstrari
1453 2293 1571 2337 atque

146 2361 317 2399 obtineri
349 2374 372 2398 a
403 2360 566 2411 singulis
599 2362 692 2398 viris
734 2375 811 2399 non
844 2363 980 2412 possit,
1020 2375 1191 2412 namque
1231 2362 1571 2412 disquisitionibus

146 2437 396 2487 amplissimis
412 2450 509 2487 opus
541 2443 609 2484 est,
642 2444 686 2474 ut
708 2444 858 2475 certum
892 2439 986 2488 quid
1000 2440 1169 2490 proponi
1190 2440 1325 2489 possit.
1388 2439 1570 2489 squamis

146 2521 277 2551 autem
305 2515 470 2566 piscium
499 2528 548 2552 ex
582 2514 747 2552 diversis
779 2516 991 2565 generibus
1008 2517 1247 2567 familiisque
1279 2517 1569 2567 pervestigatiS,

144 2603 243 2627 unns
275 2591 357 2627 fere
390 2591 555 2640 quisque
587 2591 752 2641 cogitur,
784 2598 828 2628 ut
859 2592 1063 2630 nobiscum
1096 2592 1250 2638 sentiat,
1284 2593 1453 2630 familias
1486 2594 1567 2642 qui-

146 2667 233 2704 dem
268 2669 374 2705 nullo
408 2668 525 2704 modo
559 2681 608 2705 ex
641 2669 733 2706 solis
765 2669 936 2719 squamis
969 2668 1175 2706 diiudicari
1221 2683 1347 2719 posse,
1386 2682 1568 2718 squamas

145 2746 274 2794 potius
308 2751 420 2782 notas
462 2746 575 2782 nobis
622 2746 826 2795 praebere,
860 2759 1024 2796 quarum
1059 2747 1207 2784 auxilio
1250 2748 1423 2785 familiae
1456 2760 1566 2784 accu-
