1629 3015
599 104 897 144 -21-

33 223 200 272 amplius
235 223 406 272 quinque
439 221 559 259 radiis
593 223 812 261 articulatis
846 224 885 260 in
918 221 1046 271 pinnis
1065 221 1322 267 venti-alibus,
1357 234 1457 272 quae

34 300 255 350 proprietas
288 301 390 337 inter
426 300 745 350 Acanthoptcros
787 299 1028 350 conspicitur
1062 305 1271 348 praetcrea
1303 299 1342 336 in
1374 300 1458 337 solo

36 376 247 426 Lanipride
266 385 305 413 et
327 376 591 422 Notacantho‚
619 377 681 413 hic
714 382 772 413 est
790 377 916 414 forma
949 374 1160 425 singularis
1194 381 1231 413 et
1264 381 1462 414 structura

32 466 282 503 squamarum
318 452 519 495 (lentium,
569 453 634 501 qui
681 452 738 488 his
784 452 996 501 generibus
1043 452 1221 502 exceptis
1269 453 1459 490 rarissimi

33 539 132 567 sunt.
209 530 434 580 (Agassizio
478 535 639 566 auctore
681 530 719 565 in
753 541 897 578 genere
932 535 1084 566 tantum
1104 529 1463 580 Cornigerorum‘?)

33 607 231 657 Squamae
250 607 607 655 horumgenerum,
631 607 888 655 quarumiam
919 607 1075 656 saepius
1092 608 1240 645 mentio
1260 615 1320 645 est
1346 609 1462 654 facta,

32 684 187 720 ciliatae
221 691 320 724 sunt.
355 696 451 731 quas
487 695 682 728 vocamus,
718 696 883 732 quarum
917 695 1007 733 pars
1040 684 1259 721 terminalis
1292 697 1367 721 non
1403 694 1462 722 est.

33 768 185 799 armata
219 760 403 797 dentibus
437 759 723 809 singula1·ibuS‚
757 760 825 798 sed
859 760 1169 808 acclivitatibuffi
1204 773 1307 811 quae
1339 761 1462 800 valles

32 838 374 888 supereminentes
408 838 453 873 iis
487 837 727 886 respondent
760 837 868 882 locis,
902 838 939 874 in
975 837 1117 887 quibus
1148 851 1239 888 pars
1283 836 1464 889 superior

32 926 218 963 squamae
251 914 335 950 sola
367 915 541 963 reposita
575 920 644 959 est,
665 914 756 950 dum
784 915 821 950 in
846 914 1016 952 vallibus
1052 927 1142 964 pars
1174 914 1338 954 inferior
1356 914 1462 954 nuda

32 991 154 1030 iacet*
174 1003 292 1039 quum
313 990 558 1027 acclivitates
589 991 687 1027 istae
721 989 967 1029 acuminibus
1001 989 1088 1041 plus
1126 990 1307 1030 minusve
1337 995 1462 1031 acutis

28 1068 250 1117 prominent
297 1081 415 1117 supra
455 1068 675 1117 marginem
721 1067 988 1115 terminalem,
1032 1066 1095 1107 hic
1129 1069 1240 1120 quasi
1285 1070 1461 1109 sinuatus

30 1146 132 1182 inter
166 1145 275 1182 eilias
309 1154 487 1195 apparet.
547 1146 766 1183 Praeterea
798 1159 985 1195 squamae
1018 1148 1137 1185 trium
1169 1147 1308 1186 horum
1344 1160 1460 1200 gene-

35 1236 121 1259 rum
155 1235 201 1259 ea
243 1236 400 1272 quoque
434 1236 476 1259 re
517 1229 737 1272 praestant,
781 1222 888 1273 quod
930 1225 969 1260 in
1012 1231 1125 1275 parte
1159 1226 1321 1265 basilari
1360 1226 1461 1266 radii

33 1302 190 1342 desunt.
224 1301 279 1338 ita
314 1308 354 1337 nt
387 1313 477 1350 pars
512 1302 608 1338 haec
657 1314 759 1346 non,
794 1301 850 1337 uti
883 1301 1002 1347 solet,
1036 1303 1074 1338 in
1118 1303 1281 1340 modum
1315 1304 1465 1342 flabelli

37 1380 184 1430 partita
218 1380 279 1417 sit.
345 1378 499 1426 Quibus
542 1391 795 1428 squamarum
834 1379 1146 1428 proprietatibus
1187 1380 1465 1431 singularibus,

32 1470 109 1494 non
142 1457 258 1494 aliter
281 1463 323 1492 ut
349 1456 570 1493 rationibus
598 1455 809 1492 numericis
830 1455 1033 1492 radiorum
1066 1457 1322 1495 membranae
1349 1458 1464 1495 bran-

32 1535 258 1584 chiostegae
292 1533 459 1570 insolitis
494 1539 612 1583 atque
646 1534 855 1583 pinnarum
888 1533 1126 1570 ventralium
1159 1540 1266 1572 certe
1309 1535 1461 1573 licitum

33 1621 101 1658 est,
136 1619 177 1649 ut
211 1613 308 1649 haec
340 1613 415 1648 tria
450 1623 596 1661 genera
629 1611 793 1648 seorsim
813 1623 1016 1659 ponamus,
1051 1611 1156 1660 quod
1189 1612 1292 1650 inter
1326 1626 1460 1651 omnes

38 1689 273 1726 Teleosteos
299 1688 595 1726 characteribus
621 1688 796 1724 externis
831 1687 1066 1737 quibusdam
1091 1694 1171 1725 tam
1205 1689 1466 1738 praecellunt,

35 1778 256 1815 nomenque
291 1766 335 1802 iis
369 1765 558 1802 addamus
584 1759 1030 1806 Holocentroideorum.

156 1841 360 1891 Separatis
394 1842 513 1892 igitur
547 1841 627 1885 his,
663 1853 760 1890 quos
796 1841 934 1877 vocavi
967 1840 1341 1888 HolocentroideOS,
1375 1843 1463 1880 reli-

35 1924 210 1967 quuntur
236 1918 446 1955 Percoidei
483 1918 611 1966 pinnis
649 1916 896 1953 vent-ralibus
928 1916 1152 1963 thoracicis,
1194 1917 1336 1966 quibus
1375 1926 1465 1956 sunt

41 2007 227 2044 squamae
261 1995 504 2039 ctenoideae,
529 2006 695 2043 quarum
728 2006 818 2042 pars
847 1993 1065 2031 terminalis
1086 2000 1239 2032 armata
1258 2001 1317 2032 est
1341 1995 1466 2033 denti-

38 2073 109 2109 bus
143 2072 350 2117 biscriatis,
384 2069 692 2114 alternantibus3
724 2077 931 2119 praeterea
964 2083 1054 2120 pars
1084 2071 1265 2108 basilaris
1298 2070 1468 2121 plerum-

36 2161 111 2197 que
144 2148 276 2184 multis
301 2148 420 2184 radiis
453 2147 605 2185 sulcata
637 2154 705 2192 est,
726 2160 891 2196 quorum
925 2160 1109 2184 numerus
1128 2147 1295 2185 multum
1328 2148 1470 2195 variat,

37 2221 168 2275 itaquo
203 2234 335 2275 partes
354 2225 538 2262 laterales
571 2239 673 2263 nunc
706 2227 792 2275 plus
819 2237 921 2261 nunc
954 2225 1080 2261 minus
1100 2224 1325 2274 explicatae
1358 2232 1466 2267 sunt}

37 2304 137 2339 inter
171 2315 211 2339 se
245 2315 339 2339 vero
374 2302 545 2338 maximo
586 2310 809 2351 congruunt
843 2313 1032 2350 squamae
1079 2300 1219 2337 horum
1262 2313 1468 2350 generum,

38 2378 141 2427 quod
184 2380 323 2415 attinet
377 2378 426 2415 ad
485 2378 794 2427 explicationem
851 2377 1020 2425 partium
1061 2376 1305 2425 singularum
1346 2383 1466 2427 atque

38 2457 204 2492 formam
239 2455 413 2492 <lentium
450 2468 493 2491 ac
527 2454 864 2504 corpusculorum.
908 2453 1050 2502 Neque
1084 2466 1178 2490 vero
1218 2454 1468 2492 characteres

40 2539 168 2569 certos
201 2538 319 2580 atquc
353 2531 601 2568 distinctivos
635 2530 860 2575 ostendunt,
895 2529 962 2567 sed
994 2530 1127 2566 multis
1160 2531 1199 2566 in
1231 2530 1348 2567 rebus
1381 2544 1469 2568 con-

43 2608 215 2645 scntiunt
251 2620 336 2643 cum
378 2608 422 2643 iis
457 2607 839 2656 Cataphractorum,
875 2605 1247 2651 Sciacnoidcorum‚
1290 2606 1469 2643 aliorum·

46 2684 246 2722 Interdum
282 2692 411 2721 autem
446 2692 651 2722 transcunt
698 2685 745 2721 ad
791 2696 953 2733 quantas
987 2682 1316 2732 Sparoideorum,
1352 2697 1471 2732 quum

43 2758 168 2798 lineae
204 2768 407 2798 extremae
442 2763 610 2811 partium
647 2762 869 2799 lateralium
905 2761 994 2809 plus
1028 2760 1207 2797 minusve
1232 2760 1390 2809 oblique
1426 2758 1472 2796 ud

1141 2843 1157 2869 2
