1629 3015
645 77 935 117 —lfw—

74 200 113 235 in
148 199 192 235 iis
226 198 398 247 squamis
442 196 694 246 conspicitur.
729 197 766 233 in
800 195 941 245 quibus
990 193 1224 243 corpuscula
1259 194 1294 230 in
1345 206 1510 230 acumen

73 276 255 312 obtusum
290 279 516 317 excurrunt,
550 287 635 310 cuni
675 273 779 310 basis
813 272 874 309 hio
907 272 986 309 illic
1030 272 1169 320 partini
1204 271 1383 307 amuninc
1416 272 1510 311 cius,

75 352 140 401 qui
173 359 230 389 est
265 351 439 391 interius.
475 350 635 387 obtecta
668 350 729 386 sit.

193 428 352 465 Abhinc
384 439 567 477 squamas
589 426 817 463 ctenoideas
851 440 916 464 eas
933 427 1156 471 nominabo,
1173 440 1339 476 quarum
1373 439 1510 476 margo

78 504 275 554 posterior
309 510 367 541 est
401 509 585 549 armatus,
620 502 712 552 quia
735 502 797 539 hie
831 503 970 540 modus
1004 503 1231 553 appellandi
1264 503 1375 553 quasi
1408 503 1514 541 inve-

75 588 224 619 teratus
257 587 338 624 est;
372 587 492 629 atque
524 579 699 617 dividam
733 593 819 617 eas:

138 658 170 695 1.
203 658 242 694 in
276 670 460 707 squamas
494 657 658 703 ciliatas,
693 657 730 693 in
766 656 907 706 quibus
941 656 1079 693 dentes
1112 663 1306 706 apparent
1346 663 1389 693 ut
1421 656 1514 694 clivi

194 735 353 772 formati
396 747 446 772 ex
477 740 591 784 parte
634 734 849 784 superiore,
895 746 971 770 non
1020 740 1060 770 ut
1109 734 1343 783 corpuscula.
1376 733 1513 778 solida,

198 811 491 862 proeminentes
509 823 628 860 supra
642 811 862 860 marginem
895 811 1162 860 posteriorem
1196 810 1267 847 sub
1288 811 1414 847 foi-ma
1433 811 1514 847 fim-

196 889 389 925 briarum:
430 888 530 925 tales
577 901 760 937 squamas
816 887 963 925 habent
1013 887 1320 937 Myripristide5‚
1366 886 1508 937 Clupe-

197 965 311 1011 oidei,
346 965 430 1006 alii:

113 1042 164 1078 ΙΙ.
199 1042 236 1077 in
269 1053 452 1090 squamas
485 1040 689 1086 dentatas,
723 1041 761 1078 in
796 1041 937 1092 quibus
958 1040 1117 1085 Vdentes
1149 1041 1385 1090 corpuscula
1425 1047 1515 1078 sunt

198 1118 324 1156 solida
356 1123 541 1168 separata
574 1124 613 1156 et
645 1119 749 1169 parti
791 1118 990 1157 terminali
1025 1118 1259 1166 adhaerent3

262 1202 328 1232 aut
368 1198 410 1245 a)
445 1195 629 1232 dentibus
673 1196 900 1233 uniseriatis
933 1195 1140 1245 praeditae
1172 1201 1287 1240 sunt,
1329 1195 1511 1232 deficien-

319 1271 423 1308 tibus
456 1271 699 1321 corpusculis
732 1272 1046 1317 dcntiformibue
1080 1278 1121 1308 ut
1154 1271 1192 1308 in
1226 1271 1473 1317 Gobioideis,

261 1354 329 1384 aut
359 1348 402 1397 β)
433 1347 616 1385 dentibus
663 1348 861 1385 biseriatis
895 1354 934 1385 et
976 1347 1220 1397 corpusculis
1253 1348 1517 1398 pluriseriatis

321 1425 548 1475 praeditae3
583 1425 658 1463 hae
690 1426 918 1475 saepissime
953 1425 1183 1462 obveniunt.

615 1599 862 1669 Caput
908 1598 1002 1652 ΙΙ.

315 1696 389 1732 mc
426 1691 882 1731 Effomm'mons
917 1691 1291 1740 SQUAMARUM.

206 1819 340 1856 Facile
373 1818 589 1864 intellectu,
622 1819 839 1856 sententias
873 1818 1048 1855 virorum
1083 1817 1290 1854 doctorum
1324 1817 1371 1854 dc
1406 1819 1514 1854 effor-

90 1898 262 1934 matione
294 1909 372 1932 non
406 1896 530 1944 magis
564 1908 757 1933 consonas
791 1908 886 1941 csse,
922 1909 1038 1944 quam
1072 1894 1120 1931 de
1154 1895 1366 1933 anatomia.

214 1974 393 2011 Primum
435 1986 512 2010 non
558 1973 809 2009 consentiunt
860 1978 1056 2016 auctores,
1097 1985 1194 2021 quos
1243 1972 1319 2008 iam
1367 1972 1522 2020 saepius

91 2050 412 2095 commemoravi,
446 2062 547 2099 quae
579 2049 630 2086 sit
657 2050 806 2086 functio
841 2049 940 2086 cutis
974 2049 1012 2085 in
1047 2048 1298 2086 efformandis
1335 2049 1519 2098 squamis.

99 2129 264 2177 Agassiz
313 2139 496 2176 squamas
548 2126 773 2164 considerat
818 2134 1020 2179 tanquam·
1062 2133 1320 2164 excrementa
1378 2141 1522 2164 cornea

91 2203 371 2253 epidermatis,
406 2202 543 2239 Mandl
578 2210 710 2240 autem
743 2210 877 2253 partes
910 2217 976 2241 eas
1009 2203 1129 2241 habet
1160 2203 1273 2241 vivas
1306 2210 1426 2253 atque
1461 2218 1521 2240 or-

90 2281 310 2330 ganisatas;
343 2292 472 2329 neque
504 2279 677 2316 discerni
710 2287 862 2329 postest
894 2282 943 2319 ab
977 2281 1034 2327 iis,
1051 2294 1152 2330 quae
1184 2281 1260 2317 iam
1296 2281 1390 2327 dixi,
1418 2281 1522 2330 quod

93 2357 258 2405 Agassiz
291 2369 473 2406 squamas
506 2356 545 2393 in
577 2356 817 2394 cavitatibus
852 2357 1108 2407 epidcrmatis
1141 2357 1311 2394 inclusas
1345 2370 1430 2394 esse
1464 2371 1521 2394 ar-

90 2434 273 2469 bitratur.
347 2432 484 2469 Mandl
532 2439 571 2469 et
610 2432 750 2470 Peters
804 2447 853 2471 ex
908 2434 1256 2471 observationibus
1300 2434 1378 2470 suis
1434 2447 1521 2470 con*

92 2509 264 2554 cludunt,
298 2523 480 2559 squamas
506 2522 590 2546 esse
623 2509 793 2547 inclusas
826 2517 964 2556 acute,
999 2510 1066 2547 sed
1100 2511 1136 2546 in
1170 2509 1335 2559 singulis
1369 2516 1521 2546 senten-

93 2587 171 2623 tiae
205 2600 340 2624 eorum
374 2586 490 2624 valde
509 2586 725 2624 discedunt.
792 2588 933 2637 Neque
967 2600 1039 2635 ego
1073 2587 1277 2623 consentio
1304 2587 1524 2635 Agassizi03

92 2676 261 2713 namque
304 2677 422 2713 saepe
455 2663 556 2700 latus
589 2664 768 2713 superius
802 2678 990 2713 squamae
1023 2671 1146 2702 strato
1187 2664 1380 2714 pigmenti
1417 2663 1523 2699 obte

93 2748 197 2779 ctum
231 2741 438 2790 reperitur,
482 2740 585 2789 quod
620 2747 757 2778 autem
798 2741 1043 2790 cpidermatc
1075 2741 1226 2780 secerni
1276 2754 1350 2777 non
1384 2746 1525 2789 potest.
