1629 3015
686 80 977 118 -32-

125 198 174 236 ad
215 197 463 243 ctenoideos,
512 196 615 246 quod
669 210 718 233 ex
768 195 1112 233 observationibus
1152 196 1409 245 amplioribus
1441 196 1545 233 lucu-

123 276 269 313 lentius
315 275 482 311 fortasse
525 273 880 310 demonstrabitur:
913 271 986 308 hac
1021 272 1067 308 de
1101 285 1219 309 causa
1250 271 1398 309 familia
1430 272 1546 309 Pleu-

125 355 388 397 ronectarum,
423 362 588 399 quarum
607 361 754 399 genera
779 348 874 385 baec
905 361 1088 398 squamas
1117 348 1290 385 habeant
1312 348 1546 398 cycloidcas‚

127 428 197 465 illa
242 425 469 464 ctenoideas
502 425 658 475 generis
686 424 1034 475 praestantissimi,
1075 425 1113 460 in
1147 424 1242 461 duas
1274 424 1440 463 familias
1472 425 1547 469 vel,

127 504 159 541 si
190 503 264 540 hoc
296 515 374 539 non
408 501 661 547 conceditur,
702 502 746 537 in
792 501 888 538 duas
921 500 1102 538 cohortes
1134 501 1307 538 maxime
1342 500 1544 538 distinctas

126 579 385 630 dispescenda
417 585 495 625 est,
546 578 585 615 in
625 578 910 615 Pleuronectas
956 577 1182 615 ctenoideas
1231 585 1269 614 et
1310 578 1545 627 cycloideas,

127 670 228 707 quae
262 656 402 694 divisio
435 655 520 693 fieri
552 655 672 693 debet
705 656 754 692 ob
788 655 1086 692 consensionem
1129 655 1232 691 intra
1265 667 1461 704 quamque
1493 656 1545 692 fa—

126 733 275 771 miliam
307 733 373 770 vel
406 733 609 771 cohortem
642 738 761 782 atque
795 733 845 769 ob
879 732 1150 769 diversitatem
1184 731 1288 769 inter
1320 743 1397 769 eas.

251 810 543 848 Pleuronectae
577 809 830 855 ctenoideae,
866 822 962 859 quas
980 809 1147 859 primum
1185 808 1455 853 considerabo,
1497 809 1547 845 ef-

126 888 309 925 ficiuntur
336 887 482 934 Soleis,
511 887 829 933 Monochiribus,
864 886 1044 932 Achiris,
1076 886 1369 931 Achiroidibus,
1402 885 1545 935 Plagir

128 964 215 1010 siis,
267 963 523 1014 Synapturis,
584 976 634 1001 ex
686 963 826 1013 quibus
871 976 1054 1012 squamas
1094 962 1255 1009 Soleae,
1300 962 1542 999 Monochiris

124 1046 277 1078 tantum
327 1040 552 1090 exploravi,
609 1039 832 1077 consentire
874 1052 969 1076 vero
1001 1053 1097 1091 ‘cum
1142 1028 1282 1076 ceteris
1333 1039 1544 1089 generibus

126 1116 318 1154 concludo
352 1129 402 1154 ex
435 1116 567 1153 verbis
601 1122 807 1153 auctorum
839 1103 1027 1153 Eleekeri
1062 1115 1320 1165 aliorumque.

244 1192 442 1243 Squamae
482 1193 702 1243 specierum
721 1192 863 1236 Soleae
908 1198 946 1229 et
978 1192 1232 1237 Monochiris,
1266 1193 1304 1228 in
1339 1206 1434 1241 quas
1469 1205 1542 1241 ego

123 1269 321 1319 inquisivi,
357 1269 589 1308 ctenoideae
621 1276 711 1307 sunt
741 1270 913 1307 maxime
944 1270 1141 1319 vulgares,
1174 1270 1213 1306 id
1246 1275 1314 1316 est,
1348 1282 1438 1319 pars
1470 1274 1543 1306 ter-

122 1347 278 1384 minalis
298 1346 481 1384 dentibus
498 1346 696 1383 biseriatis
715 1359 760 1383 ac
786 1346 1027 1396 corpusculis
1054 1346 1324 1383 multiseriatis
1351 1346 1543 1382 alternan—

126 1425 231 1462 tibus
272 1429 425 1461 armata
464 1428 543 1461 est:
592 1423 728 1460 dentes
761 1423 859 1461 mire
893 1424 1018 1473 longi,
1058 1423 1275 1473 longissimi
1315 1436 1413 1472 quos
1447 1423 1545 1467 vidi;

125 1502 163 1538 in
207 1501 293 1538 basi
332 1514 410 1538 non
448 1500 587 1545 minus,
631 1513 748 1549 quam
793 1500 1026 1549 corpuscula
1057 1500 1174 1536 valde
1206 1499 1349 1536 sinuati
1384 1501 1495 1549 quasi
1529 1514 1547 1535 o

125 1578 277 1616 duabus
309 1578 508 1616 radicibus
529 1579 774 1625 exoriuntur,
809 1592 910 1627 quae
942 1578 1069 1615 forma
1098 1592 1143 1615 eo
1176 1579 1301 1627 magis
1335 1579 1546 1621 evanescit,

130 1670 207 1706 quo
250 1657 376 1706 magis
423 1657 624 1706 sequimur
662 1656 798 1693 dentes
842 1655 1156 1704 corpusculaque
1189 1662 1367 1692 centrum
1402 1669 1547 1692 versus.

128 1733 360 1770 Proximum
410 1733 651 1783 corpusculis
700 1738 758 1769 est
806 1737 983 1769 centrum
1028 1745 1168 1781 parum
1214 1732 1464 1777 distinctum,
1508 1732 1545 1768 iu

128 1811 301 1860 squamis
335 1810 478 1848 Soleae
517 1810 694 1859 vulgaris
727 1822 821 1846 vero
866 1809 978 1845 lineis
1012 1809 1253 1858 perturbatis
1286 1822 1410 1858 prope
1445 1809 1547 1845 adia

127 1887 308 1924 centibus
328 1887 579 1937 completum,
614 1900 634 1923 e
668 1900 744 1937 quo
778 1887 827 1923 ad
860 1887 1079 1935 marginem
1113 1886 1351 1923 anteriorem
1386 1900 1550 1935 magnus

132 1965 334 2002 radiorum
375 1978 560 2002 numerus
603 1977 681 2002 non
714 1964 879 2001 multum
914 1963 1208 2012 (livergentium
1241 1964 1449 2011 procurrit,
1485 1965 1549 2013 qui

126 2042 328 2079 flabellum
387 2041 640 2079 lacunaribus
691 2041 977 2090 angustissimis
1038 2042 1297 2090 compositum
1344 2039 1549 2079 exhibent:

124 2120 237 2156 iuxta
280 2119 499 2168 marginem
540 2118 801 2168 posteriorem
833 2118 960 2154 latera
991 2117 1203 2153 fortissime
1254 2117 1356 2153 intro
1406 2116 1552 2152 inflexa

128 2201 231 2242 sunt,
279 2196 335 2232 ita
373 2202 417 2232 ut
448 2195 575 2232 lineae
624 2201 902 2244 procurrentes
945 2193 993 2230 ad
1034 2194 1253 2243 marginem
1303 2193 1549 2229 terminalem

126 2272 281 2309 diverse
339 2273 388 2309 ad
431 2278 547 2309 extra
574 2278 752 2321 vergant.
820 2271 1110 2308 Pleuronectae
1160 2284 1253 2308 vero
1303 2270 1547 2320 cycloidcac,

126 2356 313 2398 quantum
348 2362 529 2398 squamas
556 2349 774 2399 exploravi,
799 2349 1299 2386 constituuntiu·Rhombis
1334 2354 1370 2383 et
1400 2348 1534 2384 l'latcs

126 2427 198 2466 sis,
241 2439 405 2476 quorum
439 2440 624 2476 squamae
657 2427 743 2475 plus
786 2427 962 2463 minusve
1003 2426 1201 2475 ellipticae
1236 2430 1412 2462 centrum
1450 2438 1550 2460 nunc

127 2504 372 2546 distinctum,
417 2517 519 2541 nunc
580 2504 783 2541 obscurius
830 2504 1106 2540 adumbratum
1151 2503 1342 2539 linearum
1392 2514 1555 2538 com-ew

128 2581 314 2618 tricarum
360 2582 570 2631 praebent.
607 2596 655 2617 ex
698 2595 773 2630 quo
808 2581 906 2617 radii
942 2582 977 2616 in
1028 2581 1152 2616 solum
1186 2580 1401 2626 marginem
1447 2585 1550 2615 autc—

126 2658 376 2704 riorem,·vel
419 2658 537 2693 ctiam
586 2658 633 2694 ad
667 2658 850 2695 laterales
894 2664 1127 2706 procurrunt
1165 2672 1194 2691 v.
1229 2670 1262 2702 μ’.
1310 2656 1346 2691 in
1381 2656 1552 2704 squamis

125 2734 328 2771 ,Pla-tessae
362 2734 545 2783 vulgaris.
584 2735 730 2771 Lino-ae
750 2734 798 2771 :ul
833 2747 946 2771 uuam
982 2746 1113 2769 omnes
1143 2732 1255 2781 plene
1286 2732 1439 2768 clausae
1461 2739 1548 2767 sunt
