1629 3015
64 197 140 234 ΙΡΙ.
190 197 403 245 vulgaris).
455 196 515 234 vel
560 198 598 234 in
647 203 816 246 utroque
858 197 983 234 latere
1035 197 1223 245 marginis
1275 194 1492 233 terminalis

65 274 250 310 liniuntur
282 288 356 310 non
392 273 547 311 clausae
582 274 674 322 (Rh.
710 274 863 314 laevis).

186 351 417 387 Adnotatio.
483 350 627 387 Mirum
676 356 756 397 cst,
805 363 988 400 squamas
1039 350 1213 387 Rhombi
1254 350 1494 401 longipinnis

66 428 192 464 nullas
242 428 388 465 habore
430 427 600 473 canales,
635 434 753 477 atque
788 428 945 465 omnino
980 427 1096 464 valde
1130 426 1334 464 discedere
1366 428 1415 464 ab
1449 428 1496 464 iis

68 504 232 540 aliarum
266 505 507 554 speciei-'unu
551 504 702 541 similes·
730 517 824 541 vero
859 510 947 540 sunt
981 510 1144 553 propter
1178 504 1399 540 absentiam
1432 516 1490 540 ra-

70 581 222 617 diorum
269 588 305 617 et
356 581 514 618 modum
563 581 791 618 lineationis
843 580 1017 630 squamis
1050 580 1330 617 nonnullorum
1364 580 1497 619 Scom-

72 658 360 695 bcroidcoruin.

189 733 549 790 Pharyngognathi
589 736 720 785 plures
760 735 929 773 familias
980 735 1205 781 continent,
1247 748 1347 785 quae
1385 741 1499 773 sunt:

74 812 288 850 Labroitlei
329 813 539 863 cyehfidei,
586 812 802 849 Labroidei
844 812 1064 858 etenoidei,
1098 812 1341 858 Ohromides,
1376 813 1496 850 Pseu-

73 890 360 936 ‹locln·omidcs‚
380 890 720 934 semmei-esoces,
751 903 917 939 quarum
951 889 1048 926 haec
1081 903 1176 926 vero
1211 889 1351 930 ultima
1384 903 1406 926 a
1438 903 1497 927 ce-

77 968 173 1004 teris
207 968 396 1017 distingui
431 974 560 1018 potest
588 967 886 1004 characteribus
920 967 1013 1004 satis
1047 967 1180 1004 multis
1216 973 1334 1017 atque
1366 968 1495 1011 certis3

75 1044 246 1081 familiae
296 1051 425 1082 autem
469 1052 639 1094 quatuor
678 1044 830 1093 priores
877 1043 1010 1081 multis
1049 1044 1167 1081 rebus
1209 1045 1356 1094 optime
1395 1045 1498 1081 inter

73 1135 156 1158 sese
190 1122 461 1159 consentiunt:
505 1121 722 1158 Labroidei
764 1120 958 1170 cycloidei
1000 1133 1095 1158 vero
1130 1121 1180 1158 ob
1213 1134 1396 1171 squamas
1431 1135 1495 1171 ey-
1530 1169 1541 1178 ·

71 1197 244 1235 cloideas
286 1206 393 1235 certe
436 1198 712 1235 discernuntur
757 1211 779 1234 a
822 1197 948 1234 tribus
989 1198 1200 1247 proximis,
1234 1199 1376 1248 quibus
1408 1206 1498 1236 sunt

70 1288 256 1324 squamae
291 1274 535 1312 ctenoideae.

188 1348 242 1393 De
275 1347 515 1393 Labroideis
548 1347 783 1405 cycloideis.
843 1350 1021 1398 Quorum
1061 1365 1248 1401 squamae
1288 1352 1327 1388 in
1360 1350 1496 1400 pleris—

71 1441 145 1477 que
179 1429 391 1477 generibus
424 1429 597 1466 maxime
630 1428 882 1466 consentiunt
913 1442 1041 1478 neque
1075 1436 1207 1466 tamen
1240 1428 1372 1466 multis
1405 1429 1494 1466 eha-

71 1506 291 1543 racteribns
325 1506 495 1556 propriis
535 1506 744 1543 distinctae
787 1513 876 1543 sunt
921 1507 970 1543 ab
1014 1507 1058 1543 iis
1102 1507 1495 1556 Acanthopterorum

71 1592 108 1620 vt
143 1584 529 1630 Anacanthinorum,
572 1585 602 1621 si
636 1584 855 1633 marginem
890 1585 1151 1633 posteriorem
1184 1597 1262 1621 non
1296 1592 1489 1622 armatum

69 1675 151 1698 csse
186 1662 414 1698 omittimus.

189 1738 379 1776 Centrum
422 1751 674 1788 squamarum
715 1740 881 1789 piscium
921 1739 1034 1776 huius
1067 1739 1264 1785 familiae,
1298 1739 1403 1789 quod
1437 1746 1495 1776 est

70 1821 158 1862 post
191 1815 494 1863 geometricum,
544 1814 742 1852 interdum
780 1814 904 1851 multo
939 1815 1234 1865 appropinquat
1265 1814 1315 1852 ad
1346 1814 1490 1863 margi*

69 1903 157 1927 nem
189 1891 456 1937 terminalem3
502 1892 655 1940 insigne
695 1898 754 1929 est
795 1891 903 1929 sulco
945 1891 1121 1938 centrali,
1155 1891 1289 1930 clauso
1331 1892 1491 1930 annula—

70 1967 181 2016 rique
213 1967 277 2004 vel
311 1967 498 2018 elliptioo,
533 1981 583 2005 ex
615 1981 691 2018 qno
735 1981 811 2005 non
845 1967 970 2005 solum
1013 1968 1051 2005 in
1083 1974 1237 2018 partem
1270 1969 1493 2015 basilarem,

73 2056 209 2081 verum
244 2045 377 2098 etiam⁴
396 2045 434 2081 in
468 2045 727 2092 terminalem,
746 2058 930 2083 numerus
963 2045 1164 2083 radiorum
1197 2047 1374 2084 excurrit
1406 2047 1493 2097 plus

69 2122 246 2158 minusve
281 2135 471 2171 magnus,
521 2124 586 2172 qui
634 2123 868 2174 plerumque
916 2137 993 2161 non
1034 2124 1160 2161 solum
1191 2124 1241 2162 ad
1272 2125 1491 2175 marginem

70 2200 307 2235 anteriorem
354 2207 391 2236 et
437 2201 711 2249 posteriorem,
746 2201 814 2238 sed
863 2202 981 2238 etiam
1023 2201 1072 2238 ad
1118 2201 1302 2239 laterales
1336 2203 1491 2240 fortiter

70 2277 292 2327 ‹livel·g11111,
328 2278 381 2313 ita
407 2284 446 2314 ut
480 2277 712 2327 plerumque
746 2284 878 2328 partes
911 2278 1098 2316 laterales
1113 2278 1300 2317 redactae
1332 2280 1408 2316 sint
1441 2279 1490 2317 ad

70 2355 237 2403 <parium
282 2368 471 2404 perquam
514 2357 725 2406 exiguum3
768 2356 836 2393 sed
878 2370 954 2393 non
988 2369 1143 2406 semper
1177 2356 1288 2394 adest
1320 2357 1383 2394 hic
1415 2357 1490 2394 sul-

69 2444 134 2466 cus
164 2433 360 2472 cmm-alis,
395 2435 550 2483 saepius
586 2441 761 2471 centrum
796 2435 965 2485 spatium
997 2435 1121 2472 multo
1154 2435 1278 2471 maius
1311 2442 1489 2485 occupat,

69 2508 173 2556 quod
221 2509 514 2547 discedentibus
562 2511 678 2547 sulcis
731 2511 770 2547 in
814 2517 948 2560 partes
988 2511 1236 2561 polygoncas
1275 2510 1487 2548 dissectum

70 2592 137 2629 est,
189 2587 420 2634 praesertim
470 2600 588 2636 quum
621 2588 659 2623 in
692 2588 819 2637 spatio
867 2588 940 2624 hoc
985 2587 1149 2624 centrali
1182 2587 1339 2625 canales
1370 2600 1489 2637 saepe

69 2660 288 2697 confluant:
334 2662 463 2701 dicere
497 2665 622 2713 possis
657 2664 734 2700 tale
769 2671 946 2701 centrum
979 2664 1244 2702 reticulatum.
1308 2664 1489 2712 Utraque

69 2745 197 2773 autem
233 2739 332 2775 ratio
367 2742 490 2777 centri
525 2742 750 2790 repperitur
775 2742 812 2777 in
832 2742 1004 2790 squamis
1025 2741 1199 2779 eiusdem
1223 2739 1351 2789 piscis,
1368 2752 1483 2788 quam
