1629 3015
726 95 1018 135 *26—

171 215 321 263 signem
355 226 539 263 squamae
575 213 901 251 Mulloideorum:
941 214 979 250 in
1013 214 1191 262 margine
1237 213 1338 250 enini
1371 214 1590 263 posteriore

173 288 381 327 canaliculi
424 290 611 335 oriuntur,
656 291 719 339 qui
755 303 803 326 ex
852 290 1034 328 dentibus
1082 291 1224 341 partim
1273 290 1322 327 ad
1372 292 1590 341 marginem

178 372 346 415 vergunt
379 366 636 411 anteriorem,
670 367 813 415 partim
857 373 974 404 antea
1014 367 1217 413 finiuntur,
1251 367 1355 417 quod
1393 368 1592 405 invenitur

173 443 211 479 in
245 443 416 492 squamis
449 442 683 488 Mullorum3
718 443 780 479 vel
814 443 909 481 sulci
952 457 1035 481 sese
1070 444 1288 482 extendunt
1318 457 1389 494 per
1418 445 1592 483 latitudi-

173 532 261 558 nem
295 532 493 570 squamae,
528 519 731 558 lineationi
765 520 852 571 plus
885 520 1064 557 minusve
1095 520 1288 570 paralleli,
1323 520 1389 570 qui
1421 521 1460 557 in
1493 534 1592 558 mar-

173 599 333 649 ginibus
364 598 596 637 lateralibus
643 598 705 636 vel
744 611 869 649 prope
913 612 979 636 eos
1023 598 1235 644 finiuntur,
1268 603 1311 635 ut
1343 597 1382 634 in
1421 599 1593 647 squamis

168 677 426 727 Upeneorum
450 675 728 726 plurimorum3
755 675 819 713 vel
850 681 1061 725 utrumque
1093 688 1217 724 genus
1250 674 1448 712 sulcorum
1480 674 1595 712 simul

171 752 292 799 adest,
311 759 354 790 ut
371 752 410 789 in
428 752 600 802 squamis
621 751 774 802 Upenei
792 751 1007 789 barberini.
1051 751 1194 800 Itaque
1211 756 1325 788 notas
1344 751 1594 790 distinctivas

170 830 362 867 habemus
378 830 481 867 inter
498 828 645 866 Mullos
678 834 716 866 et
739 828 938 878 Upeneos,
960 840 1061 878 quae
1080 826 1199 865 etiam
1218 828 1413 878 repperiri
1428 835 1592 878 possunt

173 907 212 944 in
245 906 291 943 iis
325 906 548 956 generibus,
569 919 670 956 quae
701 905 875 943 Bleeker
907 905 1114 955 proposuit
1141 917 1191 942 ex
1212 905 1390 955 Upeneis
1423 905 1595 943 Cuvieri.

284 983 437 1021 Dentes
471 988 509 1019 et
548 983 784 1033 corpuscula
817 983 974 1020 easdem
1016 983 1099 1020 fere
1140 982 1336 1032 praebent
1367 981 1513 1019 formas
1547 995 1596 1019 ac

168 1061 353 1105 rationes,
389 1073 484 1109 quas
517 1059 690 1097 familiae
722 1059 942 1110 proximae.

284 1134 340 1179 De
371 1132 630 1179 maenidibus.
666 1137 807 1174 Tertia
831 1136 1141 1187 Sparoideorum
1175 1136 1314 1174 cohors
1347 1137 1452 1175 intra
1483 1137 1592 1184 fines,

171 1229 267 1265 quos
301 1214 404 1264 apud
445 1214 723 1265 ichthyologos
756 1215 831 1252 hue
875 1227 998 1264 usque
1043 1214 1081 1250 in
1113 1227 1185 1251 usu
1220 1227 1304 1251 esse
1336 1214 1501 1261 scimus,
1537 1221 1597 1252 est

168 1292 416 1339 Maenidum,
459 1293 526 1342 qui
566 1306 616 1329 ex
657 1293 854 1330 sententia
892 1293 1170 1331 nonnullorum
1211 1292 1401 1342 singulari
1446 1292 1597 1330 familia

167 1369 515 1407 circumscribendi
547 1376 659 1415 sunt3
679 1369 932 1420 omniumque
951 1383 1140 1420 generum
1159 1382 1342 1420 squamas
1374 1369 1594 1420 exploravi,

168 1446 264 1484 nihil
296 1459 392 1484 vero
424 1447 585 1497 profeci,
609 1452 651 1484 ut
685 1446 916 1484 differentiis
949 1446 1201 1496 gravioribus
1233 1447 1395 1484 remotis
1429 1459 1592 1484 consen-

169 1525 318 1561 sionem
351 1523 547 1574 quandam
583 1528 700 1572 atque
734 1522 977 1561 adfinitatem
1011 1523 1304 1562 constituerem.
1353 1523 1523 1561 Maenae
1555 1529 1595 1561 et

170 1601 371 1639 Smarides
414 1614 596 1651 squamas
630 1601 778 1639 habent
825 1601 1004 1647 easdem,
1054 1614 1171 1651 quae,
1221 1602 1294 1639 etsi
1337 1613 1457 1638 verae
1506 1607 1596 1637 sunt

169 1678 417 1729 sparoideae,
450 1685 580 1715 tamen
615 1679 662 1715 ab
707 1679 752 1714 iis
797 1678 1034 1716 familiarum
1073 1679 1369 1729 proximarum,
1413 1677 1591 1728 inprimis

173 1754 482 1792 Mulloideorum
524 1755 618 1792 satis
660 1756 867 1805 perspicue
906 1755 1101 1793 differunt.
1166 1755 1356 1794 Centrum
1402 1757 1595 1794 linearum

169 1846 247 1869 non
281 1832 401 1878 adest,
442 1845 514 1869 nec
557 1833 725 1881 spatium
760 1832 933 1869 centrale
981 1833 1153 1871 tenuiter
1184 1833 1396 1880 lineatum,
1428 1833 1496 1871 sed
1530 1847 1594 1871 va-

168 1923 282 1947 cuum
309 1910 483 1959 satisque
502 1910 694 1960 amplum3
730 1915 847 1958 atque
868 1910 906 1946 in
923 1909 1103 1959 partibus
1117 1910 1350 1948 lateralibus
1367 1924 1507 1961 parum
1527 1924 1590 1948 ex-

168 1987 325 2037 plicatis
343 1986 471 2024 lineae
491 1987 775 2033 concentricae,
795 1987 947 2036 magnis
966 1987 1185 2025 intervallis
1203 1987 1307 2026 inter
1329 2001 1370 2026 se
1389 1988 1591 2033 distantes,

169 2064 218 2101 ad
230 2064 428 2114 margines
441 2062 626 2100 laterales
660 2062 883 2100 discurrunt
901 2076 976 2100 non
997 2063 1379 2113 appropinquantes;
1412 2077 1503 2113 pars
1528 2065 1593 2101 ba-

169 2139 297 2176 silaris
330 2141 369 2176 in
402 2139 560 2177 modum
587 2139 734 2176 flabelli
769 2139 997 2188 composita,
1032 2139 1251 2177 terminalis
1274 2139 1457 2177 (lentibus
1490 2141 1590 2178 bise-

169 2217 279 2255 riatis
312 2223 350 2253 et
383 2216 624 2266 corpusculis
640 2222 812 2253 armatus
846 2225 914 2254 est.
948 2216 985 2252 in
1019 2216 1161 2265 quibus
1195 2216 1445 2254 consentiunt
1478 2230 1591 2267 squa-

170 2307 257 2331 mae
290 2293 599 2344 Sparoideorum
634 2293 1026 2345 etsMulloideorum.

289 2371 487 2420 Squamae
521 2369 724 2408 Caesionis
766 2370 1075 2420 erythrogastris
1116 2370 1278 2407 eaedem
1312 2376 1400 2407 sunt
1433 2383 1478 2407 ac
1518 2371 1591 2408 Le-

169 2448 286 2485 thrini
316 2448 503 2497 elongati,
520 2448 653 2498 itaque
673 2446 1070 2498 pseudosparoisleae,
1097 2445 1276 2484 Gerridis
1295 2458 1389 2483 vero
1422 2447 1458 2483 in
1493 2461 1591 2484 mar-

167 2526 258 2574 gine
298 2524 518 2575 posteriore
561 2525 697 2562 (lentes
732 2532 848 2573 atque
893 2524 1126 2572 corpuscula
1159 2524 1322 2570 habent,
1358 2537 1458 2574 quae
1498 2523 1591 2561 diffi-

168 2601 258 2637 cilia
291 2608 379 2638 sunt
413 2602 584 2650 cognitu,
620 2600 753 2650 itaque
786 2601 833 2637 ab
878 2599 1075 2637 nonnullis
1106 2612 1183 2637 non
1217 2599 1354 2638 adesse
1387 2600 1590 2643 dicuntur-3

166 2676 374 2727 praeterea
406 2677 518 2714 huius
552 2677 708 2725 generis
742 2689 927 2725 squamae
961 2675 1093 2713 multis
1126 2677 1244 2714 rebus
1287 2677 1332 2713 iis
1375 2677 1589 2715 Mullorum

166 2759 205 2789 et
237 2753 492 2803 Upeneorum
529 2762 616 2789 sunt
650 2752 791 2789 affines.
